aggregate_trade_id,price,quantity,first_trade_id,last_trade_id,time_stamp,was_the_buyer,was_the_trade
996144394,60576.76,0.00018,1147684998,1147684998,1637064000262,False,True
996144395,60576.76,0.00082,1147684999,1147684999,1637064000264,False,True
996144396,60577.97,0.00587,1147685000,1147685000,1637064000264,False,True
996144397,60579.63,0.00825,1147685001,1147685001,1637064000264,False,True
996144398,60579.64,0.0158,1147685002,1147685002,1637064000264,False,True
996144399,60579.72,0.06926,1147685003,1147685003,1637064000264,False,True
996144400,60579.62,0.00049,1147685004,1147685004,1637064000325,False,True
996144401,60572.69,0.00236,1147685005,1147685005,1637064000449,True,True
996144402,60572.69,0.05302,1147685006,1147685007,1637064000467,True,True
996144403,60572.81,0.05537,1147685008,1147685009,1637064000543,True,True
996144404,60572.91,0.00536,1147685010,1147685010,1637064000561,True,True
996144405,60573.1,0.00624,1147685011,1147685011,1637064000638,True,True
996144406,60574.12,0.0696,1147685012,1147685013,1637064000724,True,True
996144407,60572.75,0.05227,1147685014,1147685014,1637064000817,True,True
996144408,60572.75,0.02925,1147685015,1147685015,1637064000831,True,True
996144409,60574.12,0.25257,1147685016,1147685017,1637064001044,True,True
996144410,60571.95,0.04511,1147685018,1147685019,1637064001339,False,True
996144411,60571.95,0.00172,1147685020,1147685020,1637064001461,False,True
996144412,60571.95,0.03078,1147685021,1147685021,1637064001476,False,True
996144413,60571.95,0.01336,1147685022,1147685022,1637064001517,False,True
996144414,60571.95,0.00629,1147685023,1147685023,1637064001523,False,True
996144415,60574.11,0.02672,1147685024,1147685024,1637064001523,False,True
996144416,60574.11,0.00063,1147685025,1147685025,1637064001704,False,True
996144417,60574.11,0.1,1147685026,1147685026,1637064001713,False,True
996144418,60574.11,0.04357,1147685027,1147685027,1637064001718,False,True
996144419,60574.11,0.03301,1147685028,1147685029,1637064001721,False,True
996144420,60574.11,0.072,1147685030,1147685030,1637064001857,False,True
996144421,60574.13,0.02698,1147685031,1147685031,1637064001857,False,True
996144422,60574.15,0.02698,1147685032,1147685032,1637064001857,False,True
996144423,60574.17,0.02697,1147685033,1147685033,1637064001857,False,True
996144424,60576.89,0.01183,1147685034,1147685034,1637064001857,False,True
996144425,60574.11,0.00789,1147685035,1147685035,1637064001881,False,True
996144426,60574.11,0.00211,1147685036,1147685036,1637064001900,False,True
996144427,60574.11,0.00042,1147685037,1147685037,1637064001964,False,True
996144428,60574.11,0.00164,1147685038,1147685038,1637064001996,False,True
996144429,60574.1,0.00082,1147685039,1147685039,1637064002055,True,True
996144430,60574.11,0.00059,1147685040,1147685040,1637064002172,False,True
996144431,60574.1,0.04492,1147685041,1147685042,1637064002274,True,True
996144432,60574.1,0.00201,1147685043,1147685043,1637064002285,True,True
996144433,60574.1,0.00173,1147685044,1147685044,1637064002287,True,True
996144434,60574.1,0.00326,1147685045,1147685045,1637064002291,True,True
996144435,60572.82,0.0002,1147685046,1147685046,1637064002304,True,True
996144436,60569.47,0.0001,1147685047,1147685047,1637064002304,True,True
996144437,60572.83,0.00096,1147685048,1147685048,1637064002434,False,True
996144438,60572.83,0.00343,1147685049,1147685049,1637064002435,False,True
996144439,60572.83,0.03021,1147685050,1147685050,1637064002464,False,True
996144440,60572.83,0.0324,1147685051,1147685051,1637064002496,False,True
996144441,60572.83,0.00019,1147685052,1147685052,1637064002500,False,True
996144442,60572.82,0.00081,1147685053,1147685053,1637064002562,True,True
996144443,60569.47,0.02055,1147685054,1147685054,1637064002562,True,True
996144444,60569.46,0.00093,1147685055,1147685055,1637064002562,True,True
996144445,60572.83,0.03301,1147685056,1147685056,1637064002569,False,True
996144446,60572.82,0.01635,1147685057,1147685057,1637064002579,False,True
996144447,60572.58,0.03301,1147685058,1147685058,1637064002630,False,True
996144448,60572.58,0.04122,1147685059,1147685059,1637064002633,False,True
996144449,60572.58,0.02802,1147685060,1147685060,1637064002647,False,True
996144450,60569.47,0.00269,1147685061,1147685061,1637064002682,True,True
996144451,60569.47,0.00805,1147685062,1147685062,1637064002720,True,True
996144452,60569.47,0.0004,1147685063,1147685063,1637064002722,True,True
996144453,60569.47,0.0092,1147685064,1147685064,1637064002722,True,True
996144454,60569.46,0.01017,1147685065,1147685065,1637064002722,True,True
996144455,60569.46,0.01401,1147685066,1147685066,1637064002723,True,True
996144456,60569.46,0.00646,1147685067,1147685067,1637064002726,True,True
996144457,60569.46,0.0063,1147685068,1147685068,1637064002726,True,True
996144458,60569.46,0.00552,1147685069,1147685069,1637064002726,True,True
996144459,60569.46,0.006,1147685070,1147685070,1637064002730,True,True
996144460,60569.46,0.00646,1147685071,1147685071,1637064002757,True,True
996144461,60569.47,0.00218,1147685072,1147685072,1637064002807,False,True
996144462,60569.46,0.00309,1147685073,1147685073,1637064002819,True,True
996144463,60568.01,0.00349,1147685074,1147685074,1637064002819,True,True
996144464,60569.47,0.07581,1147685075,1147685076,1637064002866,False,True
996144465,60569.47,0.00041,1147685077,1147685077,1637064002871,False,True
996144466,60569.46,0.00375,1147685078,1147685078,1637064002892,True,True
996144467,60569.46,0.00559,1147685079,1147685079,1637064002915,True,True
996144468,60569.46,0.01497,1147685080,1147685080,1637064002923,True,True
996144469,60569.47,0.0186,1147685081,1147685081,1637064002988,False,True
996144470,60570.8,0.01116,1147685082,1147685082,1637064002988,False,True
996144471,60572.29,0.01494,1147685083,1147685083,1637064002988,False,True
996144472,60572.29,0.02143,1147685084,1147685084,1637064002989,False,True
996144473,60572.3,0.02044,1147685085,1147685085,1637064002989,False,True
996144474,60572.3,0.03301,1147685086,1147685086,1637064003001,False,True
996144475,60569.47,0.00249,1147685087,1147685087,1637064003029,True,True
996144476,60569.47,0.00256,1147685088,1147685088,1637064003035,True,True
996144477,60570.8,0.01481,1147685089,1147685089,1637064003074,False,True
996144478,60572.29,0.02705,1147685090,1147685090,1637064003074,False,True
996144479,60571.54,0.01571,1147685091,1147685091,1637064003154,True,True
996144480,60573.64,0.01195,1147685092,1147685092,1637064003188,False,True
996144481,60570.95,0.02317,1147685093,1147685093,1637064003222,True,True
996144482,60570.79,0.00033,1147685094,1147685094,1637064003222,True,True
996144483,60569.47,0.00649,1147685095,1147685095,1637064003222,True,True
996144484,60573.58,0.05178,1147685096,1147685096,1637064003244,False,True
996144485,60573.59,0.08129,1147685097,1147685097,1637064003244,False,True
996144486,60573.58,0.05167,1147685098,1147685098,1637064003248,False,True
996144487,60569.47,0.00733,1147685099,1147685100,1637064003258,True,True
996144488,60569.46,0.03003,1147685101,1147685102,1637064003258,True,True
996144489,60569.46,0.00043,1147685103,1147685103,1637064003266,True,True
996144490,60569.82,0.01773,1147685104,1147685104,1637064003281,True,True
996144491,60569.82,0.00026,1147685105,1147685105,1637064003282,True,True
996144492,60569.82,0.0003,1147685106,1147685106,1637064003296,True,True
996144493,60570.01,0.00468,1147685107,1147685107,1637064003364,True,True
996144494,60570.01,0.00366,1147685108,1147685108,1637064003398,True,True
996144495,60570.01,0.0181,1147685109,1147685109,1637064003403,True,True
996144496,60570.01,0.0501,1147685110,1147685111,1637064003413,True,True
996144497,60569.9,0.00478,1147685112,1147685112,1637064003413,True,True
996144498,60570.01,0.00718,1147685113,1147685113,1637064003427,True,True
996144499,60570.01,0.06303,1147685114,1147685116,1637064003443,True,True
996144500,60569.9,0.0038,1147685117,1147685117,1637064003443,True,True
996144501,60570.01,0.03704,1147685118,1147685119,1637064003456,True,True
996144502,60570.01,0.00606,1147685120,1147685120,1637064003462,True,True
996144503,60570.01,0.02028,1147685121,1147685122,1637064003474,True,True
996144504,60570.01,0.04042,1147685123,1147685125,1637064003484,True,True
996144505,60570.02,0.00229,1147685126,1147685126,1637064003494,False,True
996144506,60570.01,0.00879,1147685127,1147685127,1637064003502,True,True
996144507,60570.01,0.00353,1147685128,1147685128,1637064003507,True,True
996144508,60570.01,0.00097,1147685129,1147685129,1637064003510,True,True
996144509,60570.01,0.01797,1147685130,1147685131,1637064003517,True,True
996144510,60570.01,0.01459,1147685132,1147685132,1637064003541,True,True
996144511,60570.01,0.00289,1147685133,1147685133,1637064003555,True,True
996144512,60570.02,0.00165,1147685134,1147685134,1637064003561,False,True
996144513,60570.01,0.01031,1147685135,1147685136,1637064003562,True,True
996144514,60569.48,0.0002,1147685137,1147685137,1637064003590,True,True
996144515,60569.48,0.00622,1147685138,1147685138,1637064003618,True,True
996144516,60569.48,0.00422,1147685139,1147685139,1637064003619,True,True
996144517,60569.46,0.00088,1147685140,1147685140,1637064003619,True,True
996144518,60568.01,0.00356,1147685141,1147685141,1637064003619,True,True
996144519,60568.0,0.02,1147685142,1147685142,1637064003619,True,True
996144520,60566.49,0.00469,1147685143,1147685143,1637064003619,True,True
996144521,60570.81,0.01064,1147685144,1147685144,1637064003643,True,True
996144522,60566.49,0.02757,1147685145,1147685146,1637064003643,True,True
996144523,60566.48,0.03,1147685147,1147685147,1637064003665,True,True
996144524,60563.73,0.00046,1147685148,1147685148,1637064003665,True,True
996144525,60563.38,0.01106,1147685149,1147685149,1637064003665,True,True
996144526,60563.4,0.25,1147685150,1147685150,1637064003699,False,True
996144527,60566.45,0.21936,1147685151,1147685151,1637064003699,False,True
996144528,60563.39,0.0082,1147685152,1147685152,1637064003701,True,True
996144529,60563.39,0.00299,1147685153,1147685153,1637064003704,True,True
996144530,60566.42,0.00186,1147685154,1147685154,1637064003747,True,True
996144531,60569.83,0.01064,1147685155,1147685155,1637064003785,True,True
996144532,60566.42,0.00212,1147685156,1147685156,1637064003785,True,True
996144533,60568.03,0.04707,1147685157,1147685157,1637064003805,True,True
996144534,60568.03,0.02493,1147685158,1147685158,1637064003811,True,True
996144535,60565.29,0.00893,1147685159,1147685159,1637064003811,True,True
996144536,60565.29,0.00019,1147685160,1147685160,1637064003818,True,True
996144537,60566.42,0.072,1147685161,1147685161,1637064003833,True,True
996144538,60565.29,0.008,1147685162,1147685162,1637064003833,True,True
996144539,60565.29,0.07685,1147685163,1147685163,1637064003851,True,True
996144540,60565.29,0.0085,1147685164,1147685164,1637064003851,True,True
996144541,60565.29,0.00623,1147685165,1147685165,1637064003913,True,True
996144542,60565.29,0.00706,1147685166,1147685166,1637064003914,True,True
996144543,60565.3,0.00458,1147685167,1147685167,1637064003919,False,True
996144544,60565.3,0.0002,1147685168,1147685168,1637064003932,False,True
996144545,60565.37,0.00072,1147685169,1147685169,1637064003977,True,True
996144546,60568.01,0.03404,1147685170,1147685170,1637064003987,False,True
996144547,60568.02,0.06439,1147685171,1147685171,1637064003987,False,True
996144548,60568.03,0.00157,1147685172,1147685172,1637064003987,False,True
996144549,60568.02,0.00042,1147685173,1147685173,1637064004022,True,True
996144550,60568.02,0.03085,1147685174,1147685174,1637064004024,True,True
996144551,60568.02,0.02053,1147685175,1147685175,1637064004053,True,True
996144552,60568.02,0.015,1147685176,1147685176,1637064004078,True,True
996144553,60568.02,0.10861,1147685177,1147685177,1637064004085,True,True
996144554,60568.02,0.06722,1147685178,1147685178,1637064004087,True,True
996144555,60568.03,0.00165,1147685179,1147685179,1637064004097,False,True
996144556,60568.02,0.00864,1147685180,1147685180,1637064004103,True,True
996144557,60568.02,0.02931,1147685181,1147685181,1637064004108,True,True
996144558,60568.02,0.00568,1147685182,1147685182,1637064004137,True,True
996144559,60568.03,0.0009,1147685183,1147685183,1637064004164,False,True
996144560,60568.03,0.00097,1147685184,1147685184,1637064004179,False,True
996144561,60568.02,0.00866,1147685185,1147685185,1637064004205,True,True
996144562,60568.02,0.0009,1147685186,1147685186,1637064004237,True,True
996144563,60568.02,0.00217,1147685187,1147685187,1637064004243,True,True
996144564,60568.03,0.00048,1147685188,1147685188,1637064004300,False,True
996144565,60568.02,0.13684,1147685189,1147685189,1637064004311,True,True
996144566,60568.03,0.00486,1147685190,1147685191,1637064004318,False,True
996144567,60568.03,0.0078,1147685192,1147685192,1637064004319,False,True
996144568,60568.03,0.01183,1147685193,1147685193,1637064004324,False,True
996144569,60568.03,0.02081,1147685194,1147685194,1637064004327,False,True
996144570,60568.02,0.00143,1147685195,1147685195,1637064004341,True,True
996144571,60568.02,0.00333,1147685196,1147685196,1637064004347,True,True
996144572,60568.02,0.00018,1147685197,1147685197,1637064004347,True,True
996144573,60568.03,0.08215,1147685198,1147685199,1637064004349,False,True
996144574,60568.02,0.00047,1147685200,1147685200,1637064004423,True,True
996144575,60568.02,0.00292,1147685201,1147685201,1637064004478,True,True
996144576,60568.02,0.0003,1147685202,1147685202,1637064004479,True,True
996144577,60568.02,0.00205,1147685203,1147685203,1637064004479,True,True
996144578,60568.02,0.00325,1147685204,1147685204,1637064004487,True,True
996144579,60568.02,0.00844,1147685205,1147685205,1637064004488,True,True
996144580,60568.03,0.00358,1147685206,1147685206,1637064004496,False,True
996144581,60568.02,0.00083,1147685207,1147685207,1637064004543,True,True
996144582,60568.03,0.00171,1147685208,1147685208,1637064004561,False,True
996144583,60568.02,0.00058,1147685209,1147685209,1637064004593,True,True
996144584,60568.03,0.04709,1147685210,1147685211,1637064004603,False,True
996144585,60568.02,0.00267,1147685212,1147685212,1637064004779,True,True
996144586,60568.02,0.00569,1147685213,1147685213,1637064004784,True,True
996144587,60568.02,0.00046,1147685214,1147685214,1637064004789,True,True
996144588,60568.02,0.0003,1147685215,1147685215,1637064004789,True,True
996144589,60568.02,0.00036,1147685216,1147685216,1637064004793,True,True
996144590,60568.02,0.00076,1147685217,1147685217,1637064004796,True,True
996144591,60568.02,0.00064,1147685218,1147685218,1637064004796,True,True
996144592,60568.02,0.0176,1147685219,1147685219,1637064004797,True,True
996144593,60568.02,0.00057,1147685220,1147685220,1637064004798,True,True
996144594,60568.02,0.00067,1147685221,1147685221,1637064004798,True,True
996144595,60568.02,0.00376,1147685222,1147685222,1637064004829,True,True
996144596,60568.03,0.02139,1147685223,1147685224,1637064004928,False,True
996144597,60568.02,0.00156,1147685225,1147685225,1637064004939,True,True
996144598,60568.03,0.04553,1147685226,1147685226,1637064004967,False,True
996144599,60568.02,0.00047,1147685227,1147685227,1637064004985,True,True
996144600,60568.02,0.00129,1147685228,1147685228,1637064005145,True,True
996144601,60568.02,0.0728,1147685229,1147685229,1637064005176,True,True
996144602,60568.02,0.01581,1147685230,1147685231,1637064005213,True,True
996144603,60568.02,0.00017,1147685232,1147685232,1637064005215,True,True
996144604,60568.02,0.03992,1147685233,1147685235,1637064005222,True,True
996144605,60565.7,0.01246,1147685236,1147685236,1637064005222,True,True
996144606,60565.7,0.07006,1147685237,1147685237,1637064005237,True,True
996144607,60563.44,0.01,1147685238,1147685238,1637064005237,True,True
996144608,60562.52,0.00033,1147685239,1147685239,1637064005237,True,True
996144609,60562.5,0.00157,1147685240,1147685240,1637064005237,True,True
996144610,60562.49,0.00728,1147685241,1147685241,1637064005237,True,True
996144611,60562.46,0.05813,1147685242,1147685242,1637064005237,True,True
996144612,60561.96,0.072,1147685243,1147685243,1637064005237,True,True
996144613,60561.12,0.04,1147685244,1147685244,1637064005237,True,True
996144614,60560.62,0.12377,1147685245,1147685245,1637064005250,True,True
996144615,60560.01,0.00076,1147685246,1147685246,1637064005255,True,True
996144616,60560.0,0.02724,1147685247,1147685247,1637064005255,True,True
996144617,60560.02,0.00825,1147685248,1147685248,1637064005264,True,True
996144618,60560.0,0.01331,1147685249,1147685250,1637064005264,True,True
996144619,60560.01,0.0002,1147685251,1147685251,1637064005267,False,True
996144620,60559.27,0.01,1147685252,1147685252,1637064005267,True,True
996144621,60558.0,0.01,1147685253,1147685253,1637064005276,True,True
996144622,60557.65,0.04,1147685254,1147685254,1637064005276,True,True
996144623,60557.01,0.03267,1147685255,1147685255,1637064005276,True,True
996144624,60557.0,0.06,1147685256,1147685257,1637064005276,True,True
996144625,60556.82,0.0033,1147685258,1147685258,1637064005276,True,True
996144626,60556.57,0.03,1147685259,1147685259,1637064005276,True,True
996144627,60556.58,0.03058,1147685260,1147685260,1637064005281,True,True
996144628,60558.01,0.00825,1147685261,1147685261,1637064005285,True,True
996144629,60555.44,0.05725,1147685262,1147685262,1637064005285,True,True
996144630,60555.33,0.01351,1147685263,1147685263,1637064005285,True,True
996144631,60555.04,0.05323,1147685264,1147685264,1637064005285,True,True
996144632,60555.03,0.00196,1147685265,1147685265,1637064005285,True,True
996144633,60555.03,0.02971,1147685266,1147685266,1637064005303,True,True
996144634,60555.03,0.00833,1147685267,1147685267,1637064005317,True,True
996144635,60555.0,0.00201,1147685268,1147685268,1637064005317,True,True
996144636,60555.04,0.00494,1147685269,1147685269,1637064005318,False,True
996144637,60555.01,0.16587,1147685270,1147685270,1637064005348,False,True
996144638,60555.0,0.00033,1147685271,1147685271,1637064005367,True,True
996144639,60555.0,0.01766,1147685272,1147685272,1637064005388,True,True
996144640,60553.0,0.02609,1147685273,1147685273,1637064005388,True,True
996144641,60553.0,0.00021,1147685274,1147685274,1637064005545,True,True
996144642,60553.0,0.0098,1147685275,1147685275,1637064005552,True,True
996144643,60553.0,0.06385,1147685276,1147685277,1637064005615,True,True
996144644,60553.0,0.06987,1147685278,1147685278,1637064005654,True,True
996144645,60553.0,0.00063,1147685279,1147685279,1637064005666,True,True
996144646,60553.0,0.00616,1147685280,1147685280,1637064005680,True,True
996144647,60553.0,0.00408,1147685281,1147685281,1637064005684,True,True
996144648,60553.0,0.07794,1147685282,1147685282,1637064005688,True,True
996144649,60553.0,0.10124,1147685283,1147685284,1637064005754,True,True
996144650,60553.01,0.00236,1147685285,1147685285,1637064005801,False,True
996144651,60553.0,0.08853,1147685286,1147685287,1637064005842,True,True
996144652,60553.0,0.00477,1147685288,1147685288,1637064005878,True,True
996144653,60553.0,0.06972,1147685289,1147685289,1637064005883,True,True
996144654,60553.0,0.01872,1147685290,1147685290,1637064005919,True,True
996144655,60553.0,0.086,1147685291,1147685291,1637064005932,True,True
996144656,60553.0,0.00605,1147685292,1147685292,1637064005965,True,True
996144657,60553.0,0.02921,1147685293,1147685293,1637064005998,True,True
996144658,60553.0,0.11819,1147685294,1147685295,1637064006042,True,True
996144659,60553.0,0.00537,1147685296,1147685296,1637064006076,True,True
996144660,60553.0,0.09431,1147685297,1147685298,1637064006090,True,True
996144661,60553.01,0.00275,1147685299,1147685299,1637064006147,False,True
996144662,60553.0,0.0002,1147685300,1147685300,1637064006151,True,True
996144663,60553.0,0.04433,1147685301,1147685302,1637064006152,True,True
996144664,60553.01,0.00039,1147685303,1147685303,1637064006194,False,True
996144665,60553.0,0.00114,1147685304,1147685304,1637064006229,True,True
996144666,60553.0,0.00639,1147685305,1147685305,1637064006244,True,True
996144667,60553.01,0.033,1147685306,1147685307,1637064006261,False,True
996144668,60553.01,0.08631,1147685308,1147685308,1637064006304,False,True
996144669,60557.98,0.01369,1147685309,1147685309,1637064006304,False,True
996144670,60553.0,0.00033,1147685310,1147685310,1637064006306,True,True
996144671,60553.01,0.0164,1147685311,1147685311,1637064006312,True,True
996144672,60557.94,0.00443,1147685312,1147685312,1637064006391,True,True
996144673,60557.94,0.00246,1147685313,1147685313,1637064006443,False,True
996144674,60557.93,0.00021,1147685314,1147685314,1637064006545,True,True
996144675,60557.93,0.00621,1147685315,1147685315,1637064006575,True,True
996144676,60557.93,0.02277,1147685316,1147685316,1637064006602,True,True
996144677,60557.93,0.01102,1147685317,1147685317,1637064006634,True,True
996144678,60557.93,0.08177,1147685318,1147685319,1637064006635,True,True
996144679,60556.38,0.00105,1147685320,1147685320,1637064006670,False,True
996144680,60553.04,0.01748,1147685321,1147685321,1637064006676,True,True
996144681,60553.04,0.01658,1147685322,1147685322,1637064006684,True,True
996144682,60553.04,0.0078,1147685323,1147685323,1637064006688,True,True
996144683,60553.05,0.0067,1147685324,1147685324,1637064006690,False,True
996144684,60553.05,0.00074,1147685325,1147685325,1637064006780,False,True
996144685,60553.04,0.05733,1147685326,1147685326,1637064006820,True,True
996144686,60553.04,0.00612,1147685327,1147685327,1637064006827,True,True
996144687,60553.05,0.00018,1147685328,1147685328,1637064006850,False,True
996144688,60553.04,0.07116,1147685329,1147685329,1637064006853,True,True
996144689,60553.04,0.00027,1147685330,1147685330,1637064006868,True,True
996144690,60553.04,0.00079,1147685331,1147685332,1637064006872,True,True
996144691,60553.04,0.03413,1147685333,1147685333,1637064006925,True,True
996144692,60553.0,0.00034,1147685334,1147685334,1637064006931,True,True
996144693,60553.0,0.00712,1147685335,1147685335,1637064006934,True,True
996144694,60553.0,0.02048,1147685336,1147685336,1637064006957,True,True
996144695,60553.0,0.08184,1147685337,1147685337,1637064006958,True,True
996144696,60553.0,0.00184,1147685338,1147685338,1637064006958,True,True
996144697,60553.0,0.00027,1147685339,1147685339,1637064006969,True,True
996144698,60553.0,0.00082,1147685340,1147685340,1637064006970,True,True
996144699,60553.0,0.00048,1147685341,1147685341,1637064006986,True,True
996144700,60553.0,0.00051,1147685342,1147685342,1637064007008,True,True
996144701,60553.0,0.00812,1147685343,1147685343,1637064007010,True,True
996144702,60553.0,0.00188,1147685344,1147685344,1637064007021,True,True
996144703,60553.0,8e-05,1147685345,1147685345,1637064007044,True,True
996144704,60551.34,0.05767,1147685346,1147685346,1637064007044,True,True
996144705,60551.57,0.0004,1147685347,1147685347,1637064007050,False,True
996144706,60551.34,0.01987,1147685348,1147685348,1637064007074,True,True
996144707,60550.89,0.00565,1147685349,1147685349,1637064007074,True,True
996144708,60550.89,0.00427,1147685350,1147685350,1637064007119,True,True
996144709,60550.04,0.00334,1147685351,1147685351,1637064007119,True,True
996144710,60550.04,0.00031,1147685352,1147685352,1637064007138,True,True
996144711,60550.05,0.04572,1147685353,1147685353,1637064007146,False,True
996144712,60550.0,0.00029,1147685354,1147685355,1637064007168,True,True
996144713,60550.0,0.01597,1147685356,1147685357,1637064007170,True,True
996144714,60550.0,0.00021,1147685358,1147685358,1637064007194,True,True
996144715,60550.0,0.00312,1147685359,1147685359,1637064007208,True,True
996144716,60550.0,0.00029,1147685360,1147685360,1637064007255,True,True
996144717,60550.0,0.11728,1147685361,1147685363,1637064007265,True,True
996144718,60550.01,0.00287,1147685364,1147685364,1637064007288,False,True
996144719,60550.01,0.01651,1147685365,1147685365,1637064007338,False,True
996144720,60550.01,0.04987,1147685366,1147685366,1637064007350,False,True
996144721,60550.0,0.00024,1147685367,1147685367,1637064007360,True,True
996144722,60550.0,0.01155,1147685368,1147685368,1637064007362,True,True
996144723,60550.01,0.04473,1147685369,1147685369,1637064007370,False,True
996144724,60550.0,0.05962,1147685370,1147685370,1637064007375,True,True
996144725,60550.01,0.00648,1147685371,1147685371,1637064007379,False,True
996144726,60550.01,0.00335,1147685372,1147685372,1637064007381,False,True
996144727,60550.01,0.01702,1147685373,1147685373,1637064007443,False,True
996144728,60550.01,0.00042,1147685374,1147685374,1637064007451,False,True
996144729,60550.01,0.00605,1147685375,1147685375,1637064007496,False,True
996144730,60550.01,0.00025,1147685376,1147685376,1637064007501,False,True
996144731,60550.01,0.01997,1147685377,1147685377,1637064007508,False,True
996144732,60550.0,0.17246,1147685378,1147685378,1637064007518,True,True
996144733,60550.0,0.00038,1147685379,1147685379,1637064007520,True,True
996144734,60550.01,0.0126,1147685380,1147685380,1637064007523,False,True
996144735,60550.01,0.00941,1147685381,1147685381,1637064007527,False,True
996144736,60550.01,0.002,1147685382,1147685382,1637064007529,False,True
996144737,60550.01,0.00501,1147685383,1147685383,1637064007532,False,True
996144738,60550.89,0.00399,1147685384,1147685384,1637064007538,False,True
996144739,60553.0,0.0056,1147685385,1147685385,1637064007538,False,True
996144740,60550.86,0.00025,1147685386,1147685386,1637064007546,True,True
996144741,60553.0,0.01634,1147685387,1147685389,1637064007552,False,True
996144742,60553.01,0.01154,1147685390,1147685390,1637064007552,False,True
996144743,60553.03,0.01154,1147685391,1147685391,1637064007552,False,True
996144744,60557.93,0.06441,1147685392,1147685392,1637064007552,False,True
996144745,60557.99,0.02612,1147685393,1147685393,1637064007552,False,True
996144746,60558.0,0.01,1147685394,1147685394,1637064007552,False,True
996144747,60559.06,0.06441,1147685395,1147685395,1637064007552,False,True
996144748,60559.07,0.01646,1147685396,1147685396,1637064007552,False,True
996144749,60553.0,0.00505,1147685397,1147685397,1637064007565,False,True
996144750,60553.0,0.04666,1147685398,1147685398,1637064007568,False,True
996144751,60553.0,0.0027,1147685399,1147685399,1637064007569,False,True
996144752,60552.99,0.01323,1147685400,1147685401,1637064007589,True,True
996144753,60552.99,0.00084,1147685402,1147685402,1637064007604,True,True
996144754,60553.0,0.00027,1147685403,1147685403,1637064007637,False,True
996144755,60553.0,0.00672,1147685404,1147685404,1637064007678,False,True
996144756,60553.0,0.00204,1147685405,1147685405,1637064007683,False,True
996144757,60552.99,0.02723,1147685406,1147685409,1637064007689,True,True
996144758,60551.23,0.00414,1147685410,1147685410,1637064007690,True,True
996144759,60551.23,0.00414,1147685411,1147685411,1637064007691,True,True
996144760,60551.23,0.00335,1147685412,1147685412,1637064007691,True,True
996144761,60551.23,0.00212,1147685413,1147685413,1637064007694,True,True
996144762,60550.0,0.00397,1147685414,1147685414,1637064007694,True,True
996144763,60550.0,0.05541,1147685415,1147685415,1637064007722,True,True
996144764,60550.0,0.04956,1147685416,1147685416,1637064007726,True,True
996144765,60550.0,1.04199,1147685417,1147685417,1637064007733,True,True
996144766,60550.01,0.00164,1147685418,1147685418,1637064007768,False,True
996144767,60550.01,0.0006,1147685419,1147685419,1637064007806,False,True
996144768,60550.0,0.01423,1147685420,1147685420,1637064007907,True,True
996144769,60550.0,0.0011,1147685421,1147685421,1637064008211,True,True
996144770,60550.0,0.00148,1147685422,1147685422,1637064008213,True,True
996144771,60550.01,0.0017,1147685423,1147685423,1637064008226,False,True
996144772,60550.0,0.001,1147685424,1147685424,1637064008251,True,True
996144773,60550.01,0.00467,1147685425,1147685426,1637064008265,False,True
996144774,60550.01,0.00467,1147685427,1147685427,1637064008265,False,True
996144775,60550.01,0.00467,1147685428,1147685429,1637064008267,False,True
996144776,60550.0,0.00161,1147685430,1147685430,1637064008310,True,True
996144777,60550.0,0.07902,1147685431,1147685431,1637064008321,True,True
996144778,60550.0,0.00502,1147685432,1147685432,1637064008338,True,True
996144779,60550.0,0.00023,1147685433,1147685433,1637064008360,True,True
996144780,60550.0,0.05022,1147685434,1147685434,1637064008366,True,True
996144781,60550.0,0.00094,1147685435,1147685435,1637064008395,True,True
996144782,60550.0,0.00375,1147685436,1147685436,1637064008431,True,True
996144783,60550.0,0.04952,1147685437,1147685437,1637064008439,True,True
996144784,60550.0,0.06983,1147685438,1147685438,1637064008444,True,True
996144785,60550.0,0.00048,1147685439,1147685439,1637064008445,True,True
996144786,60550.0,0.26744,1147685440,1147685440,1637064008474,True,True
996144787,60550.0,0.00076,1147685441,1147685441,1637064008481,True,True
996144788,60550.01,0.00167,1147685442,1147685442,1637064008488,False,True
996144789,60550.0,0.00094,1147685443,1147685443,1637064008508,True,True
996144790,60550.0,0.00019,1147685444,1147685444,1637064008542,True,True
996144791,60550.01,0.1,1147685445,1147685448,1637064008549,False,True
996144792,60550.0,0.00275,1147685449,1147685449,1637064008561,True,True
996144793,60550.01,0.00145,1147685450,1147685450,1637064008583,False,True
996144794,60550.0,0.0153,1147685451,1147685451,1637064008585,True,True
996144795,60550.0,0.0386,1147685452,1147685452,1637064008589,True,True
996144796,60550.0,0.00055,1147685453,1147685453,1637064008605,True,True
996144797,60550.0,0.00128,1147685454,1147685454,1637064008606,True,True
996144798,60550.0,0.03415,1147685455,1147685455,1637064008610,True,True
996144799,60550.0,0.02237,1147685456,1147685456,1637064008650,True,True
996144800,60550.0,0.0142,1147685457,1147685457,1637064008657,True,True
996144801,60550.0,0.06837,1147685458,1147685458,1637064008667,True,True
996144802,60550.0,0.00943,1147685459,1147685459,1637064008688,True,True
996144803,60550.0,0.00338,1147685460,1147685460,1637064008712,True,True
996144804,60550.0,0.00127,1147685461,1147685461,1637064008736,True,True
996144805,60550.0,0.02912,1147685462,1147685462,1637064008740,True,True
996144806,60550.01,0.00075,1147685463,1147685463,1637064008756,False,True
996144807,60550.0,0.0149,1147685464,1147685464,1637064008762,True,True
996144808,60550.0,0.00023,1147685465,1147685465,1637064008764,True,True
996144809,60550.0,0.00704,1147685466,1147685466,1637064008768,True,True
996144810,60550.0,0.0163,1147685467,1147685467,1637064008768,True,True
996144811,60550.0,0.00829,1147685468,1147685468,1637064008774,True,True
996144812,60550.0,0.00186,1147685469,1147685469,1637064008778,True,True
996144813,60550.0,0.0186,1147685470,1147685470,1637064008779,True,True
996144814,60550.0,0.00099,1147685471,1147685471,1637064008796,True,True
996144815,60550.0,0.00234,1147685472,1147685472,1637064008801,True,True
996144816,60550.0,0.0381,1147685473,1147685473,1637064008810,True,True
996144817,60550.0,0.00952,1147685474,1147685474,1637064008810,True,True
996144818,60550.0,0.00105,1147685475,1147685475,1637064008810,True,True
996144819,60550.01,0.00295,1147685476,1147685476,1637064008816,False,True
996144820,60550.0,0.05007,1147685477,1147685477,1637064008816,True,True
996144821,60550.0,0.00065,1147685478,1147685478,1637064008817,True,True
996144822,60550.0,0.00524,1147685479,1147685479,1637064008820,True,True
996144823,60550.0,0.02057,1147685480,1147685480,1637064008842,True,True
996144824,60550.0,0.00037,1147685481,1147685481,1637064008846,True,True
996144825,60550.0,0.05117,1147685482,1147685482,1637064008861,True,True
996144826,60550.0,0.00028,1147685483,1147685483,1637064008878,True,True
996144827,60550.0,0.06011,1147685484,1147685484,1637064008884,True,True
996144828,60550.0,0.00664,1147685485,1147685485,1637064008892,True,True
996144829,60550.0,0.0624,1147685486,1147685486,1637064008908,True,True
996144830,60550.0,0.00127,1147685487,1147685487,1637064008909,True,True
996144831,60550.0,0.00023,1147685488,1147685488,1637064008911,True,True
996144832,60550.0,0.00087,1147685489,1147685489,1637064008913,True,True
996144833,60550.0,0.05514,1147685490,1147685490,1637064008955,True,True
996144834,60550.0,0.03706,1147685491,1147685491,1637064008964,True,True
996144835,60550.0,0.0396,1147685492,1147685492,1637064008966,True,True
996144836,60550.0,0.05395,1147685493,1147685493,1637064008974,True,True
996144837,60550.0,0.02645,1147685494,1147685494,1637064008993,True,True
996144838,60550.01,0.00093,1147685495,1147685495,1637064009004,False,True
996144839,60550.0,0.00647,1147685496,1147685496,1637064009011,True,True
996144840,60550.0,0.02368,1147685497,1147685497,1637064009051,True,True
996144841,60550.0,0.00208,1147685498,1147685498,1637064009133,True,True
996144842,60550.0,0.00059,1147685499,1147685499,1637064009152,True,True
996144843,60550.0,0.01394,1147685500,1147685500,1637064009284,True,True
996144844,60550.0,0.0035,1147685501,1147685501,1637064009324,True,True
996144845,60550.0,0.0136,1147685502,1147685502,1637064009325,True,True
996144846,60550.01,0.01547,1147685503,1147685503,1637064009338,False,True
996144847,60550.01,0.00363,1147685504,1147685504,1637064009339,False,True
996144848,60550.0,0.00545,1147685505,1147685505,1637064009352,True,True
996144849,60550.0,0.06772,1147685506,1147685506,1637064009385,True,True
996144850,60550.0,0.00386,1147685507,1147685507,1637064009427,True,True
996144851,60550.0,0.00086,1147685508,1147685508,1637064009457,True,True
996144852,60550.0,0.6503,1147685509,1147685509,1637064009494,True,True
996144853,60550.0,0.00371,1147685510,1147685510,1637064009606,True,True
996144854,60550.0,0.05173,1147685511,1147685511,1637064009617,True,True
996144855,60550.0,0.00057,1147685512,1147685512,1637064009654,True,True
996144856,60550.0,0.00453,1147685513,1147685513,1637064009688,True,True
996144857,60550.0,0.02417,1147685514,1147685514,1637064009694,True,True
996144858,60550.01,0.0056,1147685515,1147685515,1637064009700,False,True
996144859,60550.0,0.23245,1147685516,1147685516,1637064009726,True,True
996144860,60550.0,0.02373,1147685517,1147685517,1637064009759,True,True
996144861,60550.01,0.00026,1147685518,1147685518,1637064009796,False,True
996144862,60550.0,0.07761,1147685519,1147685519,1637064009818,True,True
996144863,60550.0,0.1558,1147685520,1147685520,1637064009834,True,True
996144864,60550.0,0.10278,1147685521,1147685521,1637064009835,True,True
996144865,60550.0,0.11149,1147685522,1147685522,1637064009837,True,True
996144866,60550.0,0.08776,1147685523,1147685523,1637064009837,True,True
996144867,60550.0,0.91972,1147685524,1147685524,1637064009848,True,True
996144868,60550.0,1.01715,1147685525,1147685525,1637064009848,True,True
996144869,60550.0,0.02,1147685526,1147685526,1637064009848,True,True
996144870,60550.0,0.05,1147685527,1147685527,1637064009848,True,True
996144871,60550.0,0.01654,1147685528,1147685528,1637064009849,True,True
996144872,60550.0,0.11351,1147685529,1147685531,1637064009849,True,True
996144873,60550.0,0.04,1147685532,1147685536,1637064009849,True,True
996144874,60550.0,0.01956,1147685537,1147685537,1637064009849,True,True
996144875,60550.0,0.21215,1147685538,1147685540,1637064009849,True,True
996144876,60550.0,0.03851,1147685541,1147685541,1637064009851,True,True
996144877,60550.0,0.01,1147685542,1147685542,1637064009852,True,True
996144878,60550.0,0.01,1147685543,1147685543,1637064009853,True,True
996144879,60550.0,0.02,1147685544,1147685544,1637064009854,True,True
996144880,60550.0,0.00115,1147685545,1147685545,1637064009854,True,True
996144881,60550.0,0.08845,1147685546,1147685546,1637064009855,True,True
996144882,60550.0,0.01,1147685547,1147685547,1637064009856,True,True
996144883,60550.0,0.03,1147685548,1147685548,1637064009856,True,True
996144884,60550.0,0.04956,1147685549,1147685549,1637064009856,True,True
996144885,60550.0,0.14404,1147685550,1147685550,1637064009856,True,True
996144886,60550.0,0.04,1147685551,1147685551,1637064009858,True,True
996144887,60550.0,0.0202,1147685552,1147685553,1637064009858,True,True
996144888,60549.98,0.00366,1147685554,1147685554,1637064009858,True,True
996144889,60549.96,0.00365,1147685555,1147685555,1637064009858,True,True
996144890,60549.71,0.00923,1147685556,1147685556,1637064009858,True,True
996144891,60546.51,0.00221,1147685557,1147685557,1637064009858,True,True
996144892,60546.5,0.00018,1147685558,1147685558,1637064009858,True,True
996144893,60545.8,0.00017,1147685559,1147685559,1637064009858,True,True
996144894,60545.22,0.04054,1147685560,1147685560,1637064009858,True,True
996144895,60545.22,0.07558,1147685561,1147685561,1637064009859,True,True
996144896,60545.22,0.00768,1147685562,1147685562,1637064009870,True,True
996144897,60545.1,0.08585,1147685563,1147685563,1637064009870,True,True
996144898,60545.1,0.02035,1147685564,1147685564,1637064009870,True,True
996144899,60544.36,0.00099,1147685565,1147685565,1637064009870,True,True
996144900,60544.02,0.07077,1147685566,1147685566,1637064009870,True,True
996144901,60544.01,0.17533,1147685567,1147685567,1637064009870,True,True
996144902,60544.02,0.049,1147685568,1147685569,1637064009882,True,True
996144903,60544.36,0.00441,1147685570,1147685570,1637064009891,True,True
996144904,60544.02,0.02681,1147685571,1147685571,1637064009897,True,True
996144905,60544.03,0.00177,1147685572,1147685572,1637064009904,False,True
996144906,60544.02,0.0094,1147685573,1147685573,1637064009910,True,True
996144907,60544.01,0.01741,1147685574,1147685574,1637064009910,True,True
996144908,60544.01,0.00213,1147685575,1147685575,1637064009916,True,True
996144909,60544.0,0.00727,1147685576,1147685576,1637064009916,True,True
996144910,60540.25,8e-05,1147685577,1147685577,1637064009916,True,True
996144911,60540.26,0.03532,1147685578,1147685578,1637064009917,True,True
996144912,60540.26,0.04956,1147685579,1147685579,1637064009921,True,True
996144913,60540.27,0.04756,1147685580,1147685580,1637064009943,False,True
996144914,60540.25,0.00033,1147685581,1147685581,1637064009954,True,True
996144915,60540.25,0.05527,1147685582,1147685582,1637064009957,True,True
996144916,60539.8,0.01224,1147685583,1147685583,1637064010025,True,True
996144917,60539.8,0.01837,1147685584,1147685584,1637064010051,True,True
996144918,60539.8,0.00168,1147685585,1147685585,1637064010068,True,True
996144919,60539.8,0.02973,1147685586,1147685586,1637064010099,True,True
996144920,60539.8,0.00239,1147685587,1147685587,1637064010129,True,True
996144921,60538.25,0.00784,1147685588,1147685588,1637064010129,True,True
996144922,60538.25,0.00041,1147685589,1147685589,1637064010141,True,True
996144923,60534.47,0.00136,1147685590,1147685590,1637064010141,True,True
996144924,60534.47,0.00123,1147685591,1147685591,1637064010144,True,True
996144925,60534.47,0.01473,1147685592,1147685593,1637064010164,True,True
996144926,60534.47,0.06226,1147685594,1147685594,1637064010171,True,True
996144927,60534.47,0.00446,1147685595,1147685595,1637064010185,True,True
996144928,60534.47,0.00085,1147685596,1147685596,1637064010193,True,True
996144929,60534.48,0.00655,1147685597,1147685597,1637064010204,False,True
996144930,60534.48,0.00111,1147685598,1147685598,1637064010220,False,True
996144931,60534.47,0.00118,1147685599,1147685599,1637064010225,True,True
996144932,60534.47,0.04598,1147685600,1147685600,1637064010239,True,True
996144933,60534.47,0.016,1147685601,1147685601,1637064010290,True,True
996144934,60534.47,0.00196,1147685602,1147685602,1637064010300,True,True
996144935,60534.48,0.02141,1147685603,1147685603,1637064010307,False,True
996144936,60534.48,0.0003,1147685604,1147685604,1637064010333,False,True
996144937,60534.47,0.00973,1147685605,1147685605,1637064010337,True,True
996144938,60534.46,0.00165,1147685606,1147685606,1637064010337,True,True
996144939,60531.55,0.00421,1147685607,1147685607,1637064010337,True,True
996144940,60534.48,0.00114,1147685608,1147685608,1637064010383,False,True
996144941,60534.48,0.11103,1147685609,1147685609,1637064010395,False,True
996144942,60534.47,0.02624,1147685610,1147685610,1637064010405,True,True
996144943,60534.47,0.00026,1147685611,1147685611,1637064010430,True,True
996144944,60534.47,0.00081,1147685612,1147685612,1637064010453,True,True
996144945,60534.48,0.01667,1147685613,1147685613,1637064010453,False,True
996144946,60534.47,0.00017,1147685614,1147685614,1637064010459,True,True
996144947,60534.48,0.01106,1147685615,1147685616,1637064010463,False,True
996144948,60538.8,0.01273,1147685617,1147685617,1637064010463,False,True
996144949,60539.81,0.00111,1147685618,1147685618,1637064010463,False,True
996144950,60539.8,0.00495,1147685619,1147685619,1637064010489,True,True
996144951,60539.8,0.09301,1147685620,1147685622,1637064010492,True,True
996144952,60539.8,0.06777,1147685623,1147685624,1637064010512,True,True
996144953,60539.8,0.06294,1147685625,1147685627,1637064010530,True,True
996144954,60539.8,0.00257,1147685628,1147685628,1637064010550,True,True
996144955,60539.8,0.01111,1147685629,1147685629,1637064010606,True,True
996144956,60534.47,0.00342,1147685630,1147685630,1637064010606,True,True
996144957,60535.3,0.01401,1147685631,1147685631,1637064010617,False,True
996144958,60539.81,0.03576,1147685632,1147685633,1637064010617,False,True
996144959,60534.47,0.00424,1147685634,1147685634,1637064010626,False,True
996144960,60539.64,0.0038,1147685635,1147685635,1637064010626,False,True
996144961,60539.64,0.00361,1147685636,1147685636,1637064010629,False,True
996144962,60534.46,0.00338,1147685637,1147685637,1637064010644,True,True
996144963,60534.46,0.00048,1147685638,1147685638,1637064010646,True,True
996144964,60539.63,0.02569,1147685639,1147685639,1637064010665,True,True
996144965,60539.63,0.0282,1147685640,1147685640,1637064010672,True,True
996144966,60539.63,0.00189,1147685641,1147685641,1637064010711,True,True
996144967,60539.64,0.00436,1147685642,1147685642,1637064010727,False,True
996144968,60534.47,0.00983,1147685643,1147685643,1637064010746,True,True
996144969,60531.56,0.00924,1147685644,1147685644,1637064010746,True,True
996144970,60531.55,0.00117,1147685645,1147685645,1637064010746,True,True
996144971,60531.39,0.00376,1147685646,1147685646,1637064010746,True,True
996144972,60531.26,0.02,1147685647,1147685647,1637064010746,True,True
996144973,60531.0,0.00041,1147685648,1147685648,1637064010746,True,True
996144974,60530.71,0.00087,1147685649,1147685649,1637064010746,True,True
996144975,60530.24,0.02031,1147685650,1147685650,1637064010746,True,True
996144976,60531.57,0.00925,1147685651,1147685651,1637064010750,True,True
996144977,60530.24,0.06112,1147685652,1147685652,1637064010750,True,True
996144978,60530.24,0.0072,1147685653,1147685653,1637064010774,True,True
996144979,60531.45,0.1,1147685654,1147685654,1637064010797,False,True
996144980,60531.45,0.00193,1147685655,1147685655,1637064010805,False,True
996144981,60531.44,0.00245,1147685656,1147685656,1637064010810,True,True
996144982,60531.44,0.06288,1147685657,1147685657,1637064010848,True,True
996144983,60531.45,0.00128,1147685658,1147685658,1637064010862,False,True
996144984,60531.44,0.00139,1147685659,1147685659,1637064010869,True,True
996144985,60531.44,0.03635,1147685660,1147685660,1637064010876,True,True
996144986,60531.44,0.01007,1147685661,1147685661,1637064010882,True,True
996144987,60531.44,0.00338,1147685662,1147685662,1637064010889,True,True
996144988,60531.44,0.00388,1147685663,1147685663,1637064010893,True,True
996144989,60531.44,0.00081,1147685664,1147685664,1637064010909,True,True
996144990,60531.44,0.00622,1147685665,1147685665,1637064010932,True,True
996144991,60531.45,0.00019,1147685666,1147685666,1637064010949,False,True
996144992,60531.44,0.0028,1147685667,1147685667,1637064010983,True,True
996144993,60531.44,0.00844,1147685668,1147685668,1637064010983,True,True
996144994,60531.44,0.03018,1147685669,1147685672,1637064011005,True,True
996144995,60531.44,0.00022,1147685673,1147685673,1637064011013,True,True
996144996,60531.45,0.01277,1147685674,1147685674,1637064011041,False,True
996144997,60531.45,0.00033,1147685675,1147685675,1637064011059,False,True
996144998,60531.45,0.0473,1147685676,1147685676,1637064011062,False,True
996144999,60534.47,0.00025,1147685677,1147685677,1637064011100,False,True
996145000,60534.47,0.00602,1147685678,1147685679,1637064011108,False,True
996145001,60534.47,0.02416,1147685680,1147685680,1637064011164,False,True
996145002,60538.5,0.01464,1147685681,1147685681,1637064011220,False,True
996145003,60538.49,0.0059,1147685682,1147685682,1637064011225,True,True
996145004,60538.49,0.00247,1147685683,1147685683,1637064011251,True,True
996145005,60538.5,0.03049,1147685684,1147685684,1637064011261,False,True
996145006,60538.49,0.01236,1147685685,1147685685,1637064011265,True,True
996145007,60538.5,0.05496,1147685686,1147685686,1637064011268,False,True
996145008,60538.5,0.00024,1147685687,1147685687,1637064011276,False,True
996145009,60538.5,0.00272,1147685688,1147685688,1637064011292,False,True
996145010,60538.5,0.00106,1147685689,1147685689,1637064011297,False,True
996145011,60538.49,0.00042,1147685690,1147685690,1637064011302,True,True
996145012,60538.49,0.00019,1147685691,1147685691,1637064011313,True,True
996145013,60538.49,0.00019,1147685692,1147685692,1637064011323,True,True
996145014,60538.49,0.00019,1147685693,1147685693,1637064011324,True,True
996145015,60538.49,0.00412,1147685694,1147685694,1637064011347,False,True
996145016,60538.44,0.00173,1147685695,1147685695,1637064011391,False,True
996145017,60532.43,0.00033,1147685696,1147685696,1637064011405,True,True
996145018,60532.43,0.01569,1147685697,1147685697,1637064011416,True,True
996145019,60538.42,0.00228,1147685698,1147685698,1637064011417,False,True
996145020,60532.43,0.00784,1147685699,1147685699,1637064011421,True,True
996145021,60532.43,0.04814,1147685700,1147685700,1637064011449,True,True
996145022,60530.23,0.02578,1147685701,1147685702,1637064011449,True,True
996145023,60531.44,0.0095,1147685703,1147685703,1637064011462,True,True
996145024,60530.23,0.02974,1147685704,1147685704,1637064011462,True,True
996145025,60530.24,0.0065,1147685705,1147685705,1637064011501,False,True
996145026,60530.1,0.01336,1147685706,1147685706,1637064011523,True,True
996145027,60530.1,0.01304,1147685707,1147685707,1637064011531,True,True
996145028,60530.11,0.00265,1147685708,1147685708,1637064011552,False,True
996145029,60530.11,0.05014,1147685709,1147685709,1637064011554,False,True
996145030,60530.11,0.01404,1147685710,1147685710,1637064011596,False,True
996145031,60530.1,0.00031,1147685711,1147685711,1637064011625,True,True
996145032,60530.11,0.01299,1147685712,1147685712,1637064011629,False,True
996145033,60530.11,0.0031,1147685713,1147685713,1637064011632,False,True
996145034,60530.1,0.00146,1147685714,1147685714,1637064011651,True,True
996145035,60530.1,0.00098,1147685715,1147685715,1637064011669,True,True
996145036,60530.1,0.01085,1147685716,1147685716,1637064011671,True,True
996145037,60530.01,0.03702,1147685717,1147685717,1637064011671,True,True
996145038,60530.02,0.01099,1147685718,1147685718,1637064011727,False,True
996145039,60530.02,0.00403,1147685719,1147685719,1637064011757,False,True
996145040,60530.02,0.0002,1147685720,1147685720,1637064011764,False,True
996145041,60530.02,0.02791,1147685721,1147685721,1637064011768,False,True
996145042,60530.02,0.00318,1147685722,1147685722,1637064011837,False,True
996145043,60530.01,0.00564,1147685723,1147685723,1637064011857,True,True
996145044,60530.02,0.00461,1147685724,1147685724,1637064011884,False,True
996145045,60530.01,0.00441,1147685725,1147685725,1637064011891,True,True
996145046,60530.01,0.00581,1147685726,1147685726,1637064011976,True,True
996145047,60530.02,0.00154,1147685727,1147685727,1637064011990,False,True
996145048,60530.01,0.00076,1147685728,1147685728,1637064011991,True,True
996145049,60530.01,0.01781,1147685729,1147685729,1637064012032,True,True
996145050,60530.01,0.00069,1147685730,1147685730,1637064012036,True,True
996145051,60530.02,0.0406,1147685731,1147685731,1637064012093,False,True
996145052,60530.01,0.03302,1147685732,1147685732,1637064012102,True,True
996145053,60530.02,0.00182,1147685733,1147685733,1637064012114,False,True
996145054,60530.02,0.04971,1147685734,1147685734,1637064012116,False,True
996145055,60530.02,0.00051,1147685735,1147685735,1637064012117,False,True
996145056,60530.02,0.04935,1147685736,1147685736,1637064012128,False,True
996145057,60530.02,0.00045,1147685737,1147685737,1637064012166,False,True
996145058,60530.02,0.00029,1147685738,1147685738,1637064012206,False,True
996145059,60530.02,0.00529,1147685739,1147685739,1637064012208,False,True
996145060,60530.01,0.00289,1147685740,1147685740,1637064012216,True,True
996145061,60530.02,0.04916,1147685741,1147685742,1637064012217,False,True
996145062,60530.02,0.00654,1147685743,1147685743,1637064012225,False,True
996145063,60530.02,0.00049,1147685744,1147685744,1637064012230,False,True
996145064,60530.02,0.00065,1147685745,1147685745,1637064012236,False,True
996145065,60530.02,0.00243,1147685746,1147685746,1637064012239,False,True
996145066,60530.02,0.0004,1147685747,1147685747,1637064012243,False,True
996145067,60530.01,0.03384,1147685748,1147685748,1637064012245,True,True
996145068,60530.02,0.00084,1147685749,1147685749,1637064012254,False,True
996145069,60530.02,0.00543,1147685750,1147685750,1637064012259,False,True
996145070,60530.01,0.00764,1147685751,1147685751,1637064012270,True,True
996145071,60530.01,0.0314,1147685752,1147685752,1637064012287,True,True
996145072,60530.02,0.04468,1147685753,1147685753,1637064012314,False,True
996145073,60530.02,0.00021,1147685754,1147685754,1637064012317,False,True
996145074,60530.01,0.17052,1147685755,1147685755,1637064012337,True,True
996145075,60530.01,0.00947,1147685756,1147685756,1637064012375,True,True
996145076,60530.02,0.02731,1147685757,1147685757,1637064012390,False,True
996145077,60530.01,0.02808,1147685758,1147685758,1637064012409,True,True
996145078,60530.01,0.01039,1147685759,1147685760,1637064012414,True,True
996145079,60530.0,0.01229,1147685761,1147685764,1637064012414,True,True
996145080,60528.26,0.00475,1147685765,1147685765,1637064012460,True,True
996145081,60527.86,0.019,1147685766,1147685766,1637064012463,True,True
996145082,60527.86,0.004,1147685767,1147685767,1637064012471,True,True
996145083,60526.99,0.08892,1147685768,1147685768,1637064012512,False,True
996145084,60526.99,0.01057,1147685769,1147685769,1637064012518,False,True
996145085,60526.99,0.00323,1147685770,1147685770,1637064012523,False,True
996145086,60526.98,0.00269,1147685771,1147685771,1637064012536,True,True
996145087,60526.55,0.00077,1147685772,1147685772,1637064012536,True,True
996145088,60526.55,0.00171,1147685773,1147685773,1637064012537,True,True
996145089,60525.06,0.00312,1147685774,1147685774,1637064012541,True,True
996145090,60525.06,0.00272,1147685775,1147685775,1637064012547,True,True
996145091,60525.0,0.00804,1147685776,1147685776,1637064012548,True,True
996145092,60524.19,0.00034,1147685777,1147685777,1637064012548,True,True
996145093,60524.19,0.01817,1147685778,1147685778,1637064012548,True,True
996145094,60524.19,0.04592,1147685779,1147685779,1637064012555,True,True
996145095,60521.2,0.00393,1147685780,1147685780,1637064012555,True,True
996145096,60520.13,0.02,1147685781,1147685781,1637064012555,True,True
996145097,60520.0,0.00021,1147685782,1147685782,1637064012555,True,True
996145098,60519.21,0.02,1147685783,1147685783,1637064012555,True,True
996145099,60518.65,0.00156,1147685784,1147685785,1637064012555,True,True
996145100,60518.02,0.00083,1147685786,1147685786,1637064012555,True,True
996145101,60516.98,0.01466,1147685787,1147685787,1637064012555,True,True
996145102,60516.03,0.00228,1147685788,1147685788,1637064012555,True,True
996145103,60514.86,0.072,1147685789,1147685789,1637064012555,True,True
996145104,60514.71,0.12385,1147685790,1147685790,1637064012555,True,True
996145105,60513.41,0.03114,1147685791,1147685792,1637064012555,True,True
996145106,60511.65,0.00826,1147685793,1147685793,1637064012558,True,True
996145107,60511.89,0.02393,1147685794,1147685794,1637064012576,False,True
996145108,60511.88,0.00312,1147685795,1147685795,1637064012579,True,True
996145109,60511.88,0.01652,1147685796,1147685796,1637064012604,True,True
996145110,60511.88,0.01652,1147685797,1147685797,1637064012609,True,True
996145111,60511.89,0.00042,1147685798,1147685798,1637064012623,False,True
996145112,60511.89,0.01897,1147685799,1147685799,1637064012643,False,True
996145113,60511.89,0.01827,1147685800,1147685800,1637064012686,False,True
996145114,60511.89,0.03105,1147685801,1147685801,1637064012690,False,True
996145115,60511.89,0.00581,1147685802,1147685802,1637064012701,False,True
996145116,60511.89,0.00027,1147685803,1147685803,1637064012722,False,True
996145117,60511.89,0.02506,1147685804,1147685804,1637064012758,False,True
996145118,60511.89,0.01422,1147685805,1147685805,1637064012763,False,True
996145119,60511.88,0.00051,1147685806,1147685806,1637064012798,True,True
996145120,60511.89,0.00046,1147685807,1147685807,1637064012801,False,True
996145121,60511.89,0.00643,1147685808,1147685808,1637064012864,False,True
996145122,60511.89,0.02344,1147685809,1147685809,1637064012870,False,True
996145123,60511.88,0.00441,1147685810,1147685810,1637064012890,True,True
996145124,60511.89,0.0012,1147685811,1147685811,1637064012892,False,True
996145125,60511.89,0.0002,1147685812,1147685812,1637064012901,False,True
996145126,60511.89,0.00142,1147685813,1147685813,1637064012936,False,True
996145127,60511.89,0.05019,1147685814,1147685814,1637064012945,False,True
996145128,60511.89,0.00024,1147685815,1147685815,1637064012995,False,True
996145129,60511.88,0.01312,1147685816,1147685816,1637064013056,True,True
996145130,60511.89,0.1,1147685817,1147685817,1637064013057,False,True
996145131,60511.88,0.01264,1147685818,1147685818,1637064013059,True,True
996145132,60511.89,0.00023,1147685819,1147685819,1637064013169,False,True
996145133,60511.89,0.00093,1147685820,1147685820,1637064013175,False,True
996145134,60511.89,0.00052,1147685821,1147685821,1637064013182,False,True
996145135,60511.89,0.01883,1147685822,1147685822,1637064013263,False,True
996145136,60511.89,0.00116,1147685823,1147685823,1637064013313,False,True
996145137,60511.88,0.03469,1147685824,1147685824,1637064013316,True,True
996145138,60511.88,0.00305,1147685825,1147685825,1637064013399,True,True
996145139,60511.89,0.00017,1147685826,1147685826,1637064013445,False,True
996145140,60511.89,0.00661,1147685827,1147685827,1637064013467,False,True
996145141,60511.89,0.00318,1147685828,1147685828,1637064013637,False,True
996145142,60511.88,0.37352,1147685829,1147685831,1637064013688,True,True
996145143,60511.83,0.001,1147685832,1147685832,1637064013713,False,True
996145144,60511.82,0.00353,1147685833,1147685833,1637064013827,True,True
996145145,60511.83,0.00031,1147685834,1147685834,1637064013900,False,True
996145146,60511.83,0.0011,1147685835,1147685835,1637064013934,False,True
996145147,60511.83,0.03876,1147685836,1147685836,1637064014004,False,True
996145148,60511.82,0.02026,1147685837,1147685837,1637064014007,True,True
996145149,60511.83,0.01564,1147685838,1147685838,1637064014156,False,True
996145150,60511.83,0.00351,1147685839,1147685839,1637064014185,False,True
996145151,60511.83,0.00025,1147685840,1147685840,1637064014250,False,True
996145152,60511.83,0.00021,1147685841,1147685841,1637064014270,False,True
996145153,60511.83,0.00363,1147685842,1147685842,1637064014335,False,True
996145154,60511.83,0.00194,1147685843,1147685843,1637064014358,False,True
996145155,60511.83,0.00417,1147685844,1147685844,1637064014378,False,True
996145156,60511.83,0.01929,1147685845,1147685845,1637064014397,False,True
996145157,60511.82,0.01119,1147685846,1147685846,1637064014455,True,True
996145158,60511.82,0.03169,1147685847,1147685849,1637064014478,True,True
996145159,60511.82,0.11734,1147685850,1147685850,1637064014490,True,True
996145160,60511.83,0.00466,1147685851,1147685851,1637064014519,False,True
996145161,60511.83,0.00184,1147685852,1147685852,1637064014530,False,True
996145162,60511.82,0.00546,1147685853,1147685853,1637064014560,True,True
996145163,60511.82,0.0144,1147685854,1147685854,1637064014573,True,True
996145164,60511.82,0.00419,1147685855,1147685855,1637064014614,True,True
996145165,60511.82,0.00057,1147685856,1147685856,1637064014616,True,True
996145166,60511.82,0.10401,1147685857,1147685857,1637064014629,True,True
996145167,60511.82,0.00359,1147685858,1147685858,1637064014645,True,True
996145168,60511.83,0.00282,1147685859,1147685859,1637064014679,False,True
996145169,60511.82,0.00436,1147685860,1147685860,1637064014686,True,True
996145170,60511.83,0.00595,1147685861,1147685861,1637064014833,False,True
996145171,60511.83,0.00043,1147685862,1147685862,1637064014863,False,True
996145172,60511.83,0.00394,1147685863,1147685863,1637064014878,False,True
996145173,60511.83,0.00547,1147685864,1147685864,1637064014890,False,True
996145174,60511.83,0.02701,1147685865,1147685865,1637064014941,False,True
996145175,60511.83,0.03674,1147685866,1147685867,1637064014946,False,True
996145176,60511.83,0.00207,1147685868,1147685868,1637064014965,False,True
996145177,60511.83,0.00684,1147685869,1147685869,1637064014986,False,True
996145178,60511.83,0.04959,1147685870,1147685870,1637064014987,False,True
996145179,60511.83,0.01344,1147685871,1147685871,1637064014998,False,True
996145180,60511.83,0.04993,1147685872,1147685872,1637064015005,False,True
996145181,60511.83,0.00601,1147685873,1147685873,1637064015020,False,True
996145182,60511.83,0.01721,1147685874,1147685874,1637064015022,False,True
996145183,60511.83,0.01974,1147685875,1147685875,1637064015070,False,True
996145184,60511.83,0.00088,1147685876,1147685876,1637064015072,False,True
996145185,60511.83,0.01626,1147685877,1147685877,1637064015073,False,True
996145186,60511.83,0.00045,1147685878,1147685878,1637064015086,False,True
996145187,60511.83,0.01183,1147685879,1147685879,1637064015094,False,True
996145188,60511.83,0.00176,1147685880,1147685880,1637064015153,False,True
996145189,60511.83,0.01076,1147685881,1147685881,1637064015171,False,True
996145190,60511.83,0.00677,1147685882,1147685882,1637064015198,False,True
996145191,60511.83,0.00498,1147685883,1147685883,1637064015254,False,True
996145192,60511.83,0.01083,1147685884,1147685884,1637064015269,False,True
996145193,60511.83,0.01855,1147685885,1147685886,1637064015270,False,True
996145194,60511.87,0.00448,1147685887,1147685887,1637064015270,False,True
996145195,60511.88,0.021,1147685888,1147685888,1637064015270,False,True
996145196,60511.88,0.1,1147685889,1147685889,1637064015311,False,True
996145197,60511.88,0.0004,1147685890,1147685890,1637064015324,False,True
996145198,60511.88,0.00459,1147685891,1147685891,1637064015363,False,True
996145199,60511.88,0.02053,1147685892,1147685892,1637064015373,False,True
996145200,60511.88,0.011,1147685893,1147685893,1637064015374,False,True
996145201,60511.88,0.01702,1147685894,1147685894,1637064015388,False,True
996145202,60511.88,0.01123,1147685895,1147685895,1637064015392,False,True
996145203,60511.87,0.00107,1147685896,1147685896,1637064015394,True,True
996145204,60511.88,0.00056,1147685897,1147685897,1637064015406,False,True
996145205,60511.87,0.00091,1147685898,1147685898,1637064015423,True,True
996145206,60511.88,0.01117,1147685899,1147685899,1637064015461,False,True
996145207,60511.88,0.02453,1147685900,1147685900,1637064015493,False,True
996145208,60511.88,0.00462,1147685901,1147685901,1637064015506,False,True
996145209,60511.88,0.00661,1147685902,1147685902,1637064015519,False,True
996145210,60511.89,0.04799,1147685903,1147685903,1637064015519,False,True
996145211,60511.89,0.00661,1147685904,1147685905,1637064015526,False,True
996145212,60517.66,0.00981,1147685906,1147685906,1637064015526,False,True
996145213,60517.66,0.01019,1147685907,1147685907,1637064015560,False,True
996145214,60519.0,0.0186,1147685908,1147685908,1637064015560,False,True
996145215,60519.0,0.0014,1147685909,1147685909,1637064015572,False,True
996145216,60519.05,0.00994,1147685910,1147685910,1637064015572,False,True
996145217,60519.05,0.04966,1147685911,1147685912,1637064015622,False,True
996145218,60519.04,0.01708,1147685913,1147685913,1637064015633,True,True
996145219,60519.05,0.0603,1147685914,1147685914,1637064015644,False,True
996145220,60519.05,0.01142,1147685915,1147685915,1637064015662,False,True
996145221,60519.04,0.00175,1147685916,1147685916,1637064015724,True,True
996145222,60519.05,0.06071,1147685917,1147685918,1637064015727,False,True
996145223,60519.05,0.0003,1147685919,1147685919,1637064015760,False,True
996145224,60519.05,0.0115,1147685920,1147685920,1637064015768,False,True
996145225,60519.04,0.00615,1147685921,1147685921,1637064015773,True,True
996145226,60519.01,0.00345,1147685922,1147685922,1637064015806,True,True
996145227,60519.02,0.032,1147685923,1147685923,1637064015815,False,True
996145228,60519.02,0.06199,1147685924,1147685924,1637064015817,False,True
996145229,60519.02,0.04971,1147685925,1147685925,1637064015824,False,True
996145230,60519.02,0.05022,1147685926,1147685926,1637064015832,False,True
996145231,60519.02,0.04974,1147685927,1147685927,1637064015835,False,True
996145232,60519.02,0.05077,1147685928,1147685929,1637064015853,False,True
996145233,60519.02,0.00203,1147685930,1147685930,1637064015855,False,True
996145234,60519.02,0.05128,1147685931,1147685931,1637064015865,False,True
996145235,60519.02,0.01178,1147685932,1147685932,1637064015866,False,True
996145236,60513.24,0.00779,1147685933,1147685933,1637064015892,True,True
996145237,60512.95,0.0619,1147685934,1147685934,1637064015892,True,True
996145238,60519.02,0.06347,1147685935,1147685936,1637064015902,False,True
996145239,60519.02,0.05234,1147685937,1147685937,1637064015906,False,True
996145240,60518.22,0.04262,1147685938,1147685938,1637064015922,False,True
996145241,60517.74,0.00826,1147685939,1147685939,1637064015949,False,True
996145242,60518.14,0.00443,1147685940,1147685940,1637064015949,False,True
996145243,60518.14,0.02903,1147685941,1147685941,1637064015950,False,True
996145244,60517.71,0.00191,1147685942,1147685942,1637064015969,False,True
996145245,60517.71,0.07009,1147685943,1147685943,1637064015973,False,True
996145246,60518.96,0.00106,1147685944,1147685944,1637064015973,False,True
996145247,60515.79,0.01206,1147685945,1147685945,1637064015975,False,True
996145248,60515.79,0.06499,1147685946,1147685946,1637064015993,False,True
996145249,60515.79,0.0378,1147685947,1147685947,1637064015995,False,True
996145250,60517.7,0.00826,1147685948,1147685948,1637064015995,False,True
996145251,60518.95,0.05551,1147685949,1147685949,1637064015995,False,True
996145252,60518.82,0.00113,1147685950,1147685950,1637064016016,False,True
996145253,60516.15,0.05963,1147685951,1147685952,1637064016076,False,True
996145254,60518.79,0.00692,1147685953,1147685953,1637064016076,False,True
996145255,60516.14,0.02919,1147685954,1147685957,1637064016092,True,True
996145256,60516.15,0.072,1147685958,1147685958,1637064016095,False,True
996145257,60518.45,0.01273,1147685959,1147685959,1637064016095,False,True
996145258,60516.15,0.03061,1147685960,1147685960,1637064016122,False,True
996145259,60516.14,0.00826,1147685961,1147685961,1637064016138,True,True
996145260,60513.57,0.00826,1147685962,1147685962,1637064016138,True,True
996145261,60511.87,0.01643,1147685963,1147685963,1637064016138,True,True
996145262,60512.04,0.00488,1147685964,1147685964,1637064016175,True,True
996145263,60512.0,0.00392,1147685965,1147685965,1637064016201,True,True
996145264,60513.67,0.00602,1147685966,1147685966,1637064016232,False,True
996145265,60513.67,0.01048,1147685967,1147685968,1637064016232,False,True
996145266,60513.73,0.00683,1147685969,1147685969,1637064016232,False,True
996145267,60516.15,0.00016,1147685970,1147685970,1637064016411,False,True
996145268,60516.15,0.0037,1147685971,1147685971,1637064016475,False,True
996145269,60516.15,0.0039,1147685972,1147685972,1637064016476,False,True
996145270,60516.14,0.00212,1147685973,1147685973,1637064016478,True,True
996145271,60516.15,0.00214,1147685974,1147685975,1637064016493,False,True
996145272,60516.15,0.00047,1147685976,1147685976,1637064016494,False,True
996145273,60516.15,0.08609,1147685977,1147685979,1637064016508,False,True
996145274,60516.19,0.00097,1147685980,1147685980,1637064016508,False,True
996145275,60518.43,0.00826,1147685981,1147685981,1637064016508,False,True
996145276,60521.03,0.00938,1147685982,1147685982,1637064016508,False,True
996145277,60521.03,0.00032,1147685983,1147685983,1637064016510,False,True
996145278,60521.03,0.00124,1147685984,1147685985,1637064016520,False,True
996145279,60521.03,0.04462,1147685986,1147685986,1637064016527,False,True
996145280,60521.03,0.00166,1147685987,1147685987,1637064016527,False,True
996145281,60523.99,0.03926,1147685988,1147685988,1637064016669,False,True
996145282,60524.0,0.02,1147685989,1147685989,1637064016669,False,True
996145283,60525.0,0.02,1147685990,1147685990,1637064016669,False,True
996145284,60525.96,0.00549,1147685991,1147685991,1637064016669,False,True
996145285,60521.02,0.02788,1147685992,1147685992,1637064016675,False,True
996145286,60521.02,0.04412,1147685993,1147685993,1637064016711,False,True
996145287,60523.59,0.06376,1147685994,1147685994,1637064016711,False,True
996145288,60523.59,0.01142,1147685995,1147685995,1637064016717,False,True
996145289,60523.58,0.00357,1147685996,1147685996,1637064016722,True,True
996145290,60523.59,0.02714,1147685997,1147685997,1637064016899,False,True
996145291,60525.84,0.00143,1147685998,1147685998,1637064017020,False,True
996145292,60518.21,0.00031,1147685999,1147685999,1637064017075,True,True
996145293,60518.21,0.00074,1147686000,1147686000,1637064017093,True,True
996145294,60518.21,0.00088,1147686001,1147686001,1637064017094,True,True
996145295,60518.21,0.01123,1147686002,1147686002,1637064017108,True,True
996145296,60518.21,0.00024,1147686003,1147686003,1637064017109,True,True
996145297,60519.39,0.00423,1147686004,1147686004,1637064017163,True,True
996145298,60519.39,0.0009,1147686005,1147686005,1637064017187,True,True
996145299,60519.47,0.00525,1147686006,1147686006,1637064017232,True,True
996145300,60523.61,0.00991,1147686007,1147686008,1637064017251,False,True
996145301,60523.61,0.02626,1147686009,1147686009,1637064017269,False,True
996145302,60519.48,0.00735,1147686010,1147686010,1637064017292,True,True
996145303,60523.61,0.00721,1147686011,1147686011,1637064017296,False,True
996145304,60519.48,0.0056,1147686012,1147686012,1637064017319,True,True
996145305,60519.48,0.01117,1147686013,1147686014,1637064017334,True,True
996145306,60519.47,0.00595,1147686015,1147686015,1637064017334,True,True
996145307,60519.48,0.00966,1147686016,1147686016,1637064017347,True,True
996145308,60519.48,0.0056,1147686017,1147686017,1637064017348,True,True
996145309,60519.48,0.00629,1147686018,1147686018,1637064017363,True,True
996145310,60519.49,0.00275,1147686019,1147686019,1637064017375,False,True
996145311,60519.48,0.00185,1147686020,1147686020,1637064017395,True,True
996145312,60519.48,0.01116,1147686021,1147686021,1637064017429,True,True
996145313,60519.48,0.0033,1147686022,1147686022,1637064017528,True,True
996145314,60519.49,0.05975,1147686023,1147686023,1637064017572,False,True
996145315,60525.55,0.04025,1147686024,1147686024,1637064017572,False,True
996145316,60525.54,0.01879,1147686025,1147686025,1637064017736,True,True
996145317,60525.55,0.00036,1147686026,1147686026,1637064017738,False,True
996145318,60525.54,0.0014,1147686027,1147686027,1637064017788,True,True
996145319,60525.54,0.00042,1147686028,1147686028,1637064017815,True,True
996145320,60525.54,0.00191,1147686029,1147686029,1637064017825,True,True
996145321,60525.54,0.00041,1147686030,1147686030,1637064017835,True,True
996145322,60525.54,0.00262,1147686031,1147686031,1637064017835,True,True
996145323,60525.55,0.00481,1147686032,1147686032,1637064017838,False,True
996145324,60525.54,0.00169,1147686033,1147686033,1637064017880,True,True
996145325,60525.54,0.00092,1147686034,1147686034,1637064017920,True,True
996145326,60525.54,0.00611,1147686035,1147686035,1637064017927,True,True
996145327,60525.54,0.03544,1147686036,1147686036,1637064017941,True,True
996145328,60525.54,0.0002,1147686037,1147686037,1637064017981,True,True
996145329,60525.55,0.08,1147686038,1147686039,1637064017987,False,True
996145330,60525.54,0.00061,1147686040,1147686040,1637064017997,True,True
996145331,60525.54,0.00113,1147686041,1147686041,1637064017998,True,True
996145332,60525.55,0.00359,1147686042,1147686042,1637064018037,False,True
996145333,60525.54,0.00308,1147686043,1147686043,1637064018045,True,True
996145334,60527.33,0.01351,1147686044,1147686044,1637064018102,False,True
996145335,60527.32,0.00072,1147686045,1147686045,1637064018103,True,True
996145336,60528.99,0.00029,1147686046,1147686046,1637064018109,True,True
996145337,60528.99,0.00279,1147686047,1147686047,1637064018112,True,True
996145338,60528.99,0.00458,1147686048,1147686048,1637064018112,True,True
996145339,60529.0,0.02,1147686049,1147686049,1637064018140,False,True
996145340,60528.99,0.00091,1147686050,1147686050,1637064018142,True,True
996145341,60530.0,0.02056,1147686051,1147686051,1637064018151,True,True
996145342,60530.01,0.00253,1147686052,1147686052,1637064018164,False,True
996145343,60531.44,0.0005,1147686053,1147686053,1637064018165,False,True
996145344,60531.45,0.00032,1147686054,1147686054,1637064018165,False,True
996145345,60531.93,0.00438,1147686055,1147686055,1637064018167,False,True
996145346,60531.92,0.0004,1147686056,1147686056,1637064018209,True,True
996145347,60538.78,0.00456,1147686057,1147686057,1637064018251,False,True
996145348,60538.77,0.01653,1147686058,1147686058,1637064018286,True,True
996145349,60538.77,0.00034,1147686059,1147686059,1637064018301,True,True
996145350,60538.78,0.03536,1147686060,1147686061,1637064018355,False,True
996145351,60538.78,0.01405,1147686062,1147686062,1637064018357,False,True
996145352,60538.77,0.00341,1147686063,1147686063,1637064018380,True,True
996145353,60538.78,0.0007,1147686064,1147686064,1637064018393,False,True
996145354,60538.77,0.00864,1147686065,1147686065,1637064018422,True,True
996145355,60538.78,0.0158,1147686066,1147686066,1637064018447,False,True
996145356,60538.77,0.00146,1147686067,1147686067,1637064018490,True,True
996145357,60538.78,0.00812,1147686068,1147686068,1637064018505,False,True
996145358,60538.78,0.00165,1147686069,1147686069,1637064018513,False,True
996145359,60538.77,0.00046,1147686070,1147686070,1637064018521,True,True
996145360,60538.77,0.00153,1147686071,1147686071,1637064018526,True,True
996145361,60538.77,0.00917,1147686072,1147686072,1637064018529,True,True
996145362,60538.77,0.00058,1147686073,1147686073,1637064018536,True,True
996145363,60538.77,0.08406,1147686074,1147686075,1637064018543,True,True
996145364,60538.77,0.00441,1147686076,1147686076,1637064018590,True,True
996145365,60538.77,0.00024,1147686077,1147686077,1637064018621,True,True
996145366,60538.77,0.00054,1147686078,1147686078,1637064018649,True,True
996145367,60538.77,0.00205,1147686079,1147686079,1637064018651,True,True
996145368,60538.77,0.00041,1147686080,1147686080,1637064018671,True,True
996145369,60538.77,0.00895,1147686081,1147686081,1637064018681,True,True
996145370,60538.77,0.00055,1147686082,1147686082,1637064018693,True,True
996145371,60538.77,0.00021,1147686083,1147686083,1637064018695,True,True
996145372,60538.77,0.00057,1147686084,1147686084,1637064018698,True,True
996145373,60538.77,0.0064,1147686085,1147686085,1637064018741,True,True
996145374,60538.77,0.00116,1147686086,1147686086,1637064018748,True,True
996145375,60538.77,0.01149,1147686087,1147686087,1637064018748,True,True
996145376,60538.77,0.00499,1147686088,1147686088,1637064018764,True,True
996145377,60538.77,0.00026,1147686089,1147686089,1637064018784,True,True
996145378,60538.77,0.0008,1147686090,1147686090,1637064018815,True,True
996145379,60538.78,0.00742,1147686091,1147686094,1637064018865,False,True
996145380,60538.77,0.0006,1147686095,1147686095,1637064018878,True,True
996145381,60538.78,0.00053,1147686096,1147686096,1637064018902,False,True
996145382,60538.78,0.0016,1147686097,1147686097,1637064018939,False,True
996145383,60538.78,0.00106,1147686098,1147686098,1637064018945,False,True
996145384,60538.99,0.00624,1147686099,1147686099,1637064018977,True,True
996145385,60539.0,0.03991,1147686100,1147686100,1637064018986,False,True
996145386,60538.99,0.02579,1147686101,1147686101,1637064018990,True,True
996145387,60538.99,0.00051,1147686102,1147686102,1637064019028,True,True
996145388,60538.99,0.0042,1147686103,1147686103,1637064019039,True,True
996145389,60538.99,0.00851,1147686104,1147686104,1637064019067,True,True
996145390,60538.99,0.00108,1147686105,1147686105,1637064019070,True,True
996145391,60539.0,9e-05,1147686106,1147686106,1637064019070,False,True
996145392,60539.81,0.00016,1147686107,1147686107,1637064019070,False,True
996145393,60539.8,0.00234,1147686108,1147686108,1637064019100,True,True
996145394,60539.8,0.00133,1147686109,1147686109,1637064019120,True,True
996145395,60539.81,0.06178,1147686110,1147686110,1637064019123,False,True
996145396,60539.8,0.02011,1147686111,1147686111,1637064019123,True,True
996145397,60539.81,0.00741,1147686112,1147686112,1637064019141,False,True
996145398,60539.8,0.01737,1147686113,1147686113,1637064019160,True,True
996145399,60539.8,0.00312,1147686114,1147686114,1637064019163,True,True
996145400,60539.8,0.0594,1147686115,1147686115,1637064019166,True,True
996145401,60538.99,0.04795,1147686116,1147686116,1637064019166,True,True
996145402,60538.77,0.05876,1147686117,1147686118,1637064019166,True,True
996145403,60539.81,0.0697,1147686119,1147686120,1637064019166,False,True
996145404,60534.06,0.03,1147686121,1147686121,1637064019168,True,True
996145405,60532.71,0.047,1147686122,1147686122,1637064019168,True,True
996145406,60532.71,0.025,1147686123,1147686123,1637064019169,True,True
996145407,60532.29,0.01,1147686124,1147686124,1637064019169,True,True
996145408,60532.0,0.01,1147686125,1147686125,1637064019169,True,True
996145409,60531.93,0.001,1147686126,1147686126,1637064019169,True,True
996145410,60530.48,0.02,1147686127,1147686127,1637064019169,True,True
996145411,60528.99,0.00066,1147686128,1147686129,1637064019169,True,True
996145412,60527.49,0.01334,1147686130,1147686130,1637064019169,True,True
996145413,60526.09,0.05145,1147686131,1147686131,1637064019170,True,True
996145414,60526.05,0.02855,1147686132,1147686132,1637064019170,True,True
996145415,60526.05,0.01145,1147686133,1147686133,1637064019171,True,True
996145416,60522.94,0.4,1147686134,1147686134,1637064019171,True,True
996145417,60522.06,0.05,1147686135,1147686135,1637064019171,True,True
996145418,60520.55,0.02,1147686136,1147686136,1637064019171,True,True
996145419,60520.0,0.00082,1147686137,1147686137,1637064019171,True,True
996145420,60519.89,0.01,1147686138,1147686138,1637064019171,True,True
996145421,60519.5,0.00773,1147686139,1147686139,1637064019171,True,True
996145422,60531.05,0.00026,1147686140,1147686140,1637064019194,False,True
996145423,60531.05,0.0058,1147686141,1147686141,1637064019197,False,True
996145424,60531.16,0.00826,1147686142,1147686142,1637064019243,False,True
996145425,60531.15,0.00072,1147686143,1147686143,1637064019254,True,True
996145426,60531.15,0.00041,1147686144,1147686144,1637064019271,True,True
996145427,60531.15,0.00487,1147686145,1147686145,1637064019271,True,True
996145428,60531.15,0.07724,1147686146,1147686146,1637064019272,True,True
996145429,60531.15,0.08323,1147686147,1147686147,1637064019273,True,True
996145430,60531.16,0.04008,1147686148,1147686148,1637064019278,False,True
996145431,60531.15,0.00041,1147686149,1147686149,1637064019284,True,True
996145432,60531.15,0.11793,1147686150,1147686150,1637064019285,True,True
996145433,60531.16,0.32483,1147686151,1147686156,1637064019315,False,True
996145434,60534.07,0.16432,1147686157,1147686158,1637064019315,False,True
996145435,60537.22,0.072,1147686159,1147686159,1637064019315,False,True
996145436,60538.89,0.07903,1147686160,1147686160,1637064019315,False,True
996145437,60531.16,0.00107,1147686161,1147686161,1637064019356,True,True
996145438,60531.17,0.00037,1147686162,1147686162,1637064019360,False,True
996145439,60531.17,0.01215,1147686163,1147686163,1637064019377,False,True
996145440,60531.17,0.00601,1147686164,1147686164,1637064019396,False,True
996145441,60531.17,0.06686,1147686165,1147686165,1637064019416,False,True
996145442,60531.17,0.00026,1147686166,1147686166,1637064019441,False,True
996145443,60537.23,0.07178,1147686167,1147686167,1637064019465,False,True
996145444,60531.16,0.07273,1147686168,1147686169,1637064019468,True,True
996145445,60537.23,0.00022,1147686170,1147686170,1637064019473,False,True
996145446,60538.62,0.012,1147686171,1147686171,1637064019473,False,True
996145447,60534.19,0.00114,1147686172,1147686172,1637064019473,True,True
996145448,60534.19,0.00019,1147686173,1147686173,1637064019503,True,True
996145449,60537.25,0.06726,1147686174,1147686174,1637064019506,False,True
996145450,60534.19,0.00163,1147686175,1147686175,1637064019566,True,True
996145451,60534.2,0.0123,1147686176,1147686176,1637064019568,False,True
996145452,60534.2,0.06769,1147686177,1147686177,1637064019589,False,True
996145453,60534.2,0.0033,1147686178,1147686178,1637064019621,False,True
996145454,60534.19,0.0164,1147686179,1147686179,1637064019640,True,True
996145455,60534.19,0.01736,1147686180,1147686180,1637064019643,True,True
996145456,60527.5,0.01234,1147686181,1147686181,1637064019661,False,True
996145457,60527.5,0.00027,1147686182,1147686182,1637064019664,False,True
996145458,60527.5,0.00823,1147686183,1147686183,1637064019667,False,True
996145459,60527.49,0.05,1147686184,1147686184,1637064019668,True,True
996145460,60526.08,0.00033,1147686185,1147686185,1637064019668,True,True
996145461,60525.49,0.03919,1147686186,1147686186,1637064019668,True,True
996145462,60522.06,0.072,1147686187,1147686187,1637064019668,True,True
996145463,60521.57,0.03858,1147686188,1147686188,1637064019668,True,True
996145464,60527.49,0.00052,1147686189,1147686189,1637064019683,True,True
996145465,60527.5,0.06067,1147686190,1147686190,1637064019759,False,True
996145466,60527.5,0.00353,1147686191,1147686191,1637064019780,False,True
996145467,60527.5,0.1,1147686192,1147686192,1637064019829,False,True
996145468,60527.49,0.00032,1147686193,1147686193,1637064019878,True,True
996145469,60527.49,0.02517,1147686194,1147686194,1637064019945,True,True
996145470,60527.5,0.15719,1147686195,1147686197,1637064019960,False,True
996145471,60527.5,0.00025,1147686198,1147686198,1637064020022,False,True
996145472,60529.75,0.02309,1147686199,1147686199,1637064020022,False,True
996145473,60527.5,0.04883,1147686200,1147686200,1637064020042,False,True
996145474,60527.49,0.00153,1147686201,1147686201,1637064020058,True,True
996145475,60527.49,0.00437,1147686202,1147686202,1637064020087,True,True
996145476,60527.49,0.05365,1147686203,1147686205,1637064020100,True,True
996145477,60527.5,0.05053,1147686206,1147686206,1637064020109,False,True
996145478,60524.62,0.10324,1147686207,1147686207,1637064020137,True,True
996145479,60524.62,0.00162,1147686208,1147686208,1637064020146,True,True
996145480,60522.71,0.00019,1147686209,1147686209,1637064020153,True,True
996145481,60525.91,0.00029,1147686210,1147686210,1637064020188,True,True
996145482,60527.16,0.20156,1147686211,1147686211,1637064020193,True,True
996145483,60527.16,0.09304,1147686212,1147686213,1637064020206,True,True
996145484,60527.16,0.00348,1147686214,1147686214,1637064020258,True,True
996145485,60525.92,0.00394,1147686215,1147686215,1637064020267,False,True
996145486,60521.32,0.0002,1147686216,1147686216,1637064020269,True,True
996145487,60520.01,0.02805,1147686217,1147686217,1637064020269,True,True
996145488,60520.0,0.02,1147686218,1147686218,1637064020269,True,True
996145489,60519.51,0.02037,1147686219,1147686219,1637064020269,True,True
996145490,60524.28,0.00253,1147686220,1147686220,1637064020295,False,True
996145491,60520.71,0.00348,1147686221,1147686221,1637064020314,True,True
996145492,60520.71,0.00348,1147686222,1147686222,1637064020314,True,True
996145493,60523.73,0.00348,1147686223,1147686223,1637064020317,True,True
996145494,60523.74,0.00026,1147686224,1147686224,1637064020383,False,True
996145495,60523.73,0.01093,1147686225,1147686225,1637064020467,True,True
996145496,60523.73,0.00112,1147686226,1147686226,1637064020584,True,True
996145497,60520.73,0.00018,1147686227,1147686227,1637064020639,True,True
996145498,60520.73,0.02084,1147686228,1147686228,1637064020650,True,True
996145499,60520.74,0.00127,1147686229,1147686229,1637064020685,False,True
996145500,60520.74,0.00032,1147686230,1147686230,1637064020754,False,True
996145501,60520.73,0.0702,1147686231,1147686231,1637064020812,True,True
996145502,60520.74,0.0006,1147686232,1147686232,1637064020818,False,True
996145503,60520.73,0.0033,1147686233,1147686233,1637064020836,False,True
996145504,60520.72,0.0087,1147686234,1147686234,1637064020849,True,True
996145505,60519.51,0.01937,1147686235,1147686235,1637064020849,True,True
996145506,60519.52,0.18672,1147686236,1147686236,1637064020855,False,True
996145507,60519.52,0.00067,1147686237,1147686237,1637064020858,False,True
996145508,60519.52,0.05068,1147686238,1147686238,1637064020863,False,True
996145509,60518.03,0.00049,1147686239,1147686239,1637064020959,True,True
996145510,60518.03,0.01951,1147686240,1147686240,1637064020999,True,True
996145511,60515.89,0.02,1147686241,1147686241,1637064020999,True,True
996145512,60515.0,0.00075,1147686242,1147686242,1637064020999,True,True
996145513,60513.01,0.0667,1147686243,1147686243,1637064020999,True,True
996145514,60513.0,0.04,1147686244,1147686244,1637064020999,True,True
996145515,60512.0,0.04,1147686245,1147686245,1637064020999,True,True
996145516,60511.97,0.04828,1147686246,1147686246,1637064020999,True,True
996145517,60518.04,0.00088,1147686247,1147686247,1637064021007,False,True
996145518,60511.98,0.02925,1147686248,1147686248,1637064021053,True,True
996145519,60513.01,0.02112,1147686249,1147686249,1637064021065,True,True
996145520,60513.01,0.08362,1147686250,1147686250,1637064021211,True,True
996145521,60513.01,0.0005,1147686251,1147686251,1637064021220,True,True
996145522,60513.01,0.02408,1147686252,1147686253,1637064021286,True,True
996145523,60512.13,0.01982,1147686254,1147686254,1637064021286,True,True
996145524,60511.97,0.00611,1147686255,1147686255,1637064021286,True,True
996145525,60511.95,0.00611,1147686256,1147686256,1637064021286,True,True
996145526,60511.93,0.00612,1147686257,1147686257,1637064021286,True,True
996145527,60511.82,0.02744,1147686258,1147686258,1637064021286,True,True
996145528,60511.82,0.0072,1147686259,1147686259,1637064021444,True,True
996145529,60511.82,0.00441,1147686260,1147686262,1637064021467,True,True
996145530,60510.01,0.00188,1147686263,1147686263,1637064021541,False,True
996145531,60510.0,0.00228,1147686264,1147686265,1637064021625,True,True
996145532,60507.0,0.02935,1147686266,1147686266,1637064021625,True,True
996145533,60507.0,0.01019,1147686267,1147686267,1637064021723,True,True
996145534,60507.0,0.00039,1147686268,1147686268,1637064021752,True,True
996145535,60507.0,7e-05,1147686269,1147686269,1637064021769,True,True
996145536,60505.36,0.00054,1147686270,1147686270,1637064021769,True,True
996145537,60505.36,0.00397,1147686271,1147686274,1637064021814,True,True
996145538,60505.35,0.00082,1147686275,1147686275,1637064021814,True,True
996145539,60502.46,0.00075,1147686276,1147686276,1637064021814,True,True
996145540,60501.25,0.02142,1147686277,1147686277,1637064021814,True,True
996145541,60501.25,0.00043,1147686278,1147686278,1637064021849,True,True
996145542,60501.25,0.00121,1147686279,1147686279,1637064021906,True,True
996145543,60501.25,0.08689,1147686280,1147686280,1637064021929,True,True
996145544,60501.25,0.00162,1147686281,1147686281,1637064021944,True,True
996145545,60501.25,0.07722,1147686282,1147686282,1637064021952,True,True
996145546,60501.25,0.01468,1147686283,1147686283,1637064021961,True,True
996145547,60501.25,0.00483,1147686284,1147686284,1637064022051,True,True
996145548,60501.26,0.025,1147686285,1147686285,1637064022076,False,True
996145549,60509.99,0.075,1147686286,1147686286,1637064022076,False,True
996145550,60501.26,0.00419,1147686287,1147686287,1637064022142,True,True
996145551,60501.27,0.01512,1147686288,1147686288,1637064022184,True,True
996145552,60501.28,0.00121,1147686289,1147686289,1637064022222,False,True
996145553,60501.27,0.01218,1147686290,1147686290,1637064022227,True,True
996145554,60501.27,0.00412,1147686291,1147686291,1637064022238,True,True
996145555,60501.27,0.00414,1147686292,1147686292,1637064022239,True,True
996145556,60501.27,0.04207,1147686293,1147686294,1637064022240,True,True
996145557,60501.28,0.00019,1147686295,1147686295,1637064022287,False,True
996145558,60501.27,0.03305,1147686296,1147686296,1637064022311,True,True
996145559,60501.28,0.02048,1147686297,1147686298,1637064022350,False,True
996145560,60501.28,0.00025,1147686299,1147686299,1637064022356,False,True
996145561,60501.27,0.00855,1147686300,1147686300,1637064022505,True,True
996145562,60501.27,0.00106,1147686301,1147686301,1637064022519,True,True
996145563,60501.27,0.00897,1147686302,1147686302,1637064022538,True,True
996145564,60501.27,0.0004,1147686303,1147686303,1637064022624,True,True
996145565,60501.27,0.00132,1147686304,1147686304,1637064022626,True,True
996145566,60501.27,0.00101,1147686305,1147686305,1637064022646,True,True
996145567,60501.27,0.00471,1147686306,1147686306,1637064022647,True,True
996145568,60501.28,0.00033,1147686307,1147686307,1637064022654,False,True
996145569,60501.27,0.00041,1147686308,1147686308,1637064022687,True,True
996145570,60501.27,0.01655,1147686309,1147686309,1637064022687,True,True
996145571,60501.27,0.0063,1147686310,1147686310,1637064022714,True,True
996145572,60501.27,0.02348,1147686311,1147686311,1637064022727,True,True
996145573,60501.27,0.00049,1147686312,1147686312,1637064022728,True,True
996145574,60501.27,0.02319,1147686313,1147686313,1637064022770,True,True
996145575,60501.27,0.00094,1147686314,1147686314,1637064022783,True,True
996145576,60501.25,0.00546,1147686315,1147686315,1637064022783,True,True
996145577,60501.23,0.00546,1147686316,1147686316,1637064022783,True,True
996145578,60501.21,0.00426,1147686317,1147686317,1637064022783,True,True
996145579,60501.21,0.00026,1147686318,1147686318,1637064022822,True,True
996145580,60501.21,0.00018,1147686319,1147686319,1637064022825,True,True
996145581,60501.21,0.00035,1147686320,1147686320,1637064022839,True,True
996145582,60501.21,0.0004,1147686321,1147686321,1637064022846,True,True
996145583,60501.16,0.00018,1147686322,1147686322,1637064022846,True,True
996145584,60500.94,0.00026,1147686323,1147686323,1637064022846,True,True
996145585,60500.94,0.00103,1147686324,1147686324,1637064022861,True,True
996145586,60500.73,0.00059,1147686325,1147686325,1637064022861,True,True
996145587,60500.71,0.00017,1147686326,1147686326,1637064022861,True,True
996145588,60500.54,0.00538,1147686327,1147686327,1637064022861,True,True
996145589,60500.4,0.0033,1147686328,1147686328,1637064022861,True,True
996145590,60500.04,0.00125,1147686329,1147686329,1637064022861,True,True
996145591,60500.03,0.00074,1147686330,1147686330,1637064022861,True,True
996145592,60500.01,0.03504,1147686331,1147686331,1637064022861,True,True
996145593,60500.01,0.03935,1147686332,1147686333,1637064022877,True,True
996145594,60500.01,0.00147,1147686334,1147686334,1637064022877,True,True
996145595,60500.01,0.02003,1147686335,1147686335,1637064022878,True,True
996145596,60500.01,0.00635,1147686336,1147686336,1637064022896,True,True
996145597,60500.0,0.01702,1147686337,1147686338,1637064022923,True,True
996145598,60500.0,0.01677,1147686339,1147686339,1637064022923,True,True
996145599,60500.0,0.00989,1147686340,1147686342,1637064022925,True,True
996145600,60500.0,0.00029,1147686343,1147686343,1637064022958,True,True
996145601,60500.0,0.00134,1147686344,1147686345,1637064022988,True,True
996145602,60500.01,0.00601,1147686346,1147686346,1637064022997,False,True
996145603,60500.01,0.00049,1147686347,1147686347,1637064023009,False,True
996145604,60500.0,0.00024,1147686348,1147686348,1637064023010,True,True
996145605,60500.0,0.00331,1147686349,1147686351,1637064023058,True,True
996145606,60500.0,0.03411,1147686352,1147686356,1637064023066,True,True
996145607,60500.0,0.23452,1147686357,1147686360,1637064023069,True,True
996145608,60500.0,0.00596,1147686361,1147686361,1637064023069,True,True
996145609,60500.01,0.01128,1147686362,1147686362,1637064023070,False,True
996145610,60500.01,0.03562,1147686363,1147686363,1637064023113,False,True
996145611,60500.01,0.01301,1147686364,1147686364,1637064023128,False,True
996145612,60500.01,0.00588,1147686365,1147686365,1637064023245,False,True
996145613,60500.0,0.01558,1147686366,1147686367,1637064023260,True,True
996145614,60500.01,0.0159,1147686368,1147686368,1637064023263,False,True
996145615,60500.01,0.04541,1147686369,1147686369,1637064023311,False,True
996145616,60500.01,0.00099,1147686370,1147686370,1637064023344,False,True
996145617,60500.0,0.00494,1147686371,1147686371,1637064023364,True,True
996145618,60500.0,0.00244,1147686372,1147686375,1637064023445,True,True
996145619,60500.01,0.01818,1147686376,1147686376,1637064023451,False,True
996145620,60500.0,0.02827,1147686377,1147686382,1637064023548,True,True
996145621,60500.0,0.49654,1147686383,1147686403,1637064023610,True,True
996145622,60500.01,0.01666,1147686404,1147686406,1637064023611,False,True
996145623,60500.01,0.00858,1147686407,1147686407,1637064023613,False,True
996145624,60500.0,0.00023,1147686408,1147686408,1637064023651,True,True
996145625,60500.01,0.00024,1147686409,1147686409,1637064023698,False,True
996145626,60500.01,0.00018,1147686410,1147686410,1637064023702,False,True
996145627,60500.0,0.0047,1147686411,1147686411,1637064023817,True,True
996145628,60500.0,0.0054,1147686412,1147686412,1637064023878,True,True
996145629,60500.0,0.00057,1147686413,1147686413,1637064023879,True,True
996145630,60500.01,0.00825,1147686414,1147686414,1637064023913,False,True
996145631,60500.0,0.0317,1147686415,1147686415,1637064023923,True,True
996145632,60500.0,0.00564,1147686416,1147686416,1637064023994,True,True
996145633,60500.0,0.00397,1147686417,1147686417,1637064023996,True,True
996145634,60500.01,0.00601,1147686418,1147686418,1637064024059,False,True
996145635,60500.01,0.00101,1147686419,1147686419,1637064024078,False,True
996145636,60500.01,0.01204,1147686420,1147686420,1637064024080,False,True
996145637,60500.0,0.00125,1147686421,1147686421,1637064024104,True,True
996145638,60500.0,0.00274,1147686422,1147686422,1637064024107,True,True
996145639,60500.0,0.0079,1147686423,1147686423,1637064024130,True,True
996145640,60500.0,0.00026,1147686424,1147686424,1637064024147,True,True
996145641,60500.0,0.04295,1147686425,1147686425,1637064024159,True,True
996145642,60500.0,0.00093,1147686426,1147686426,1637064024203,True,True
996145643,60500.01,0.1,1147686427,1147686429,1637064024325,False,True
996145644,60500.0,0.00986,1147686430,1147686430,1637064024342,True,True
996145645,60500.0,0.0166,1147686431,1147686431,1637064024360,True,True
996145646,60500.01,0.0002,1147686432,1147686432,1637064024380,False,True
996145647,60500.0,0.00023,1147686433,1147686433,1637064024400,True,True
996145648,60500.01,0.00022,1147686434,1147686434,1637064024482,False,True
996145649,60500.01,0.02587,1147686435,1147686435,1637064024558,False,True
996145650,60500.0,0.00042,1147686436,1147686436,1637064024569,True,True
996145651,60500.0,0.00166,1147686437,1147686437,1637064024580,True,True
996145652,60500.01,0.0006,1147686438,1147686438,1637064024592,False,True
996145653,60500.01,0.00053,1147686439,1147686439,1637064024617,False,True
996145654,60500.0,0.00021,1147686440,1147686440,1637064024632,True,True
996145655,60500.0,0.00135,1147686441,1147686441,1637064024642,True,True
996145656,60500.0,0.0013,1147686442,1147686442,1637064024671,True,True
996145657,60500.0,0.0077,1147686443,1147686444,1637064024717,True,True
996145658,60500.0,0.00029,1147686445,1147686445,1637064024736,True,True
996145659,60500.01,0.01273,1147686446,1147686446,1637064024764,False,True
996145660,60500.0,0.00195,1147686447,1147686447,1637064024777,True,True
996145661,60500.01,0.00062,1147686448,1147686448,1637064024780,False,True
996145662,60500.01,0.00067,1147686449,1147686449,1637064024782,False,True
996145663,60500.0,0.01498,1147686450,1147686450,1637064024790,True,True
996145664,60500.01,0.0005,1147686451,1147686451,1637064024804,False,True
996145665,60500.0,0.00051,1147686452,1147686452,1637064024919,True,True
996145666,60500.01,0.00032,1147686453,1147686453,1637064024937,False,True
996145667,60500.0,0.00376,1147686454,1147686454,1637064024990,True,True
996145668,60500.0,0.00208,1147686455,1147686455,1637064025012,True,True
996145669,60500.0,0.00042,1147686456,1147686456,1637064025016,True,True
996145670,60500.0,0.00582,1147686457,1147686457,1637064025032,True,True
996145671,60500.0,0.00038,1147686458,1147686458,1637064025037,True,True
996145672,60500.01,0.00335,1147686459,1147686459,1637064025067,False,True
996145673,60500.01,0.00671,1147686460,1147686460,1637064025136,False,True
996145674,60500.01,0.03512,1147686461,1147686461,1637064025164,False,True
996145675,60500.01,0.03028,1147686462,1147686462,1637064025166,False,True
996145676,60500.0,0.08514,1147686463,1147686466,1637064025219,True,True
996145677,60500.0,0.00936,1147686467,1147686470,1637064025275,True,True
996145678,60500.01,0.00021,1147686471,1147686471,1637064025331,False,True
996145679,60500.0,0.007,1147686472,1147686473,1637064025352,True,True
996145680,60500.01,0.01548,1147686474,1147686476,1637064025354,False,True
996145681,60500.0,0.00104,1147686477,1147686477,1637064025362,True,True
996145682,60500.01,0.01752,1147686478,1147686478,1637064025382,False,True
996145683,60500.0,0.0007,1147686479,1147686479,1637064025406,True,True
996145684,60500.0,0.02439,1147686480,1147686483,1637064025438,True,True
996145685,60500.0,0.00055,1147686484,1147686484,1637064025458,True,True
996145686,60500.0,0.00817,1147686485,1147686485,1637064025485,True,True
996145687,60500.01,0.00307,1147686486,1147686486,1637064025504,False,True
996145688,60500.01,0.00418,1147686487,1147686487,1637064025505,False,True
996145689,60500.01,0.00409,1147686488,1147686488,1637064025514,False,True
996145690,60500.0,0.01893,1147686489,1147686489,1637064025579,True,True
996145691,60500.01,0.00035,1147686490,1147686490,1637064025588,False,True
996145692,60500.0,0.00178,1147686491,1147686491,1637064025672,True,True
996145693,60500.01,0.01213,1147686492,1147686492,1637064025701,False,True
996145694,60500.01,0.00165,1147686493,1147686493,1637064025744,False,True
996145695,60500.01,0.00027,1147686494,1147686494,1637064025746,False,True
996145696,60500.0,0.00048,1147686495,1147686495,1637064025790,True,True
996145697,60500.0,0.01564,1147686496,1147686496,1637064025813,True,True
996145698,60500.0,0.00067,1147686497,1147686497,1637064025834,True,True
996145699,60500.0,0.01157,1147686498,1147686498,1637064025839,True,True
996145700,60500.01,0.00247,1147686499,1147686499,1637064025844,False,True
996145701,60500.0,0.00023,1147686500,1147686500,1637064025849,True,True
996145702,60500.01,0.01568,1147686501,1147686501,1637064025849,False,True
996145703,60500.0,0.06959,1147686502,1147686502,1637064025855,True,True
996145704,60500.0,0.01657,1147686503,1147686503,1637064025859,True,True
996145705,60500.0,0.00407,1147686504,1147686504,1637064025896,True,True
996145706,60500.0,0.01487,1147686505,1147686505,1637064025941,True,True
996145707,60500.0,0.01196,1147686506,1147686506,1637064025957,True,True
996145708,60500.0,0.00375,1147686507,1147686507,1637064025990,True,True
996145709,60500.0,0.00081,1147686508,1147686508,1637064025990,True,True
996145710,60500.0,0.00391,1147686509,1147686509,1637064026008,True,True
996145711,60500.0,0.00833,1147686510,1147686510,1637064026108,True,True
996145712,60499.98,0.00336,1147686511,1147686511,1637064026108,True,True
996145713,60499.0,0.00578,1147686512,1147686512,1637064026108,True,True
996145714,60496.63,0.00369,1147686513,1147686513,1637064026108,True,True
996145715,60496.35,0.00782,1147686514,1147686514,1637064026108,True,True
996145716,60496.38,0.00145,1147686515,1147686515,1637064026130,True,True
996145717,60496.34,0.00353,1147686516,1147686516,1637064026132,True,True
996145718,60496.38,0.00497,1147686517,1147686517,1637064026141,True,True
996145719,60496.39,0.00078,1147686518,1147686518,1637064026148,False,True
996145720,60496.97,0.00041,1147686519,1147686519,1637064026215,True,True
996145721,60496.97,0.00029,1147686520,1147686520,1637064026217,True,True
996145722,60496.97,0.01002,1147686521,1147686521,1637064026256,True,True
996145723,60496.98,0.0006,1147686522,1147686522,1637064026422,False,True
996145724,60496.98,0.00441,1147686523,1147686523,1637064026542,False,True
996145725,60496.98,0.02123,1147686524,1147686524,1637064026545,False,True
996145726,60496.98,0.00521,1147686525,1147686525,1637064026555,False,True
996145727,60496.98,0.1,1147686526,1147686526,1637064026569,False,True
996145728,60496.97,0.00035,1147686527,1147686527,1637064026583,True,True
996145729,60499.91,0.00027,1147686528,1147686528,1637064026586,True,True
996145730,60499.92,0.01652,1147686529,1147686529,1637064026601,False,True
996145731,60496.98,0.00734,1147686530,1147686530,1637064026658,False,True
996145732,60496.98,0.00132,1147686531,1147686531,1637064026658,False,True
996145733,60496.98,0.00986,1147686532,1147686533,1637064026667,False,True
996145734,60499.89,0.00232,1147686534,1147686534,1637064026667,False,True
996145735,60499.89,0.00553,1147686535,1147686535,1637064026697,False,True
996145736,60499.89,0.00504,1147686536,1147686536,1637064026707,False,True
996145737,60499.89,0.01285,1147686537,1147686537,1637064026743,False,True
996145738,60499.88,0.00179,1147686538,1147686538,1637064026770,True,True
996145739,60499.89,0.00175,1147686539,1147686539,1637064026803,False,True
996145740,60499.89,0.00212,1147686540,1147686540,1637064026821,False,True
996145741,60499.88,0.00178,1147686541,1147686541,1637064026858,True,True
996145742,60499.89,0.00034,1147686542,1147686542,1637064026951,False,True
996145743,60499.88,0.00054,1147686543,1147686543,1637064026958,True,True
996145744,60499.89,0.00046,1147686544,1147686544,1637064027144,False,True
996145745,60499.88,0.00103,1147686545,1147686545,1637064027158,True,True
